@article{ben2013robust,
  title={Robust solutions of optimization problems affected by uncertain probabilities},
  author={Ben-Tal, Aharon and Den Hertog, Dick and De Waegenaere, Anja and Melenberg, Bertrand and Rennen, Gijs},
  journal={Management Science},
  volume={59},
  number={2},
  pages={341--357},
  year={2013},
  publisher={INFORMS}
}

@article{duchi2021statistics,
  title={Statistics of robust optimization: A generalized empirical likelihood approach},
  author={Duchi, John C and Glynn, Peter W and Namkoong, Hongseok},
  journal={Mathematics of Operations Research},
  volume={46},
  number={3},
  pages={946--969},
  year={2021},
  publisher={INFORMS}
}

@inproceedings{huhposition,
  title={Position: The Platonic Representation Hypothesis},
  author={Huh, Minyoung and Cheung, Brian and Wang, Tongzhou and Isola, Phillip},
  booktitle={ICML},
  year={2024}
}

@inproceedings{alabdulmohsin2023adapting,
  title={Adapting to latent subgroup shifts via concepts and proxies},
  author={Alabdulmohsin, Ibrahim and Chiou, Nicole and Dâ€™Amour, Alexander and Gretton, Arthur and Koyejo, Sanmi and Kusner, Matt J and Pfohl, Stephen R and Salaudeen, Olawale and Schrouff, Jessica and Tsai, Katherine},
  booktitle={AISTATS},
  pages={9637--9661},
  year={2023},
  organization={PMLR}
}

@inproceedings{xu2024demystifying,
  title={Demystifying CLIP Data},
  author={Xu, Hu and Xie, Saining and Tan, Xiaoqing and Huang, Po-Yao and Howes, Russell and Sharma, Vasu and Li, Shang-Wen and Ghosh, Gargi and Zettlemoyer, Luke and Feichtenhofer, Christoph},
  booktitle={ICLR},
  year={2024}
}

@article{radford2019language,
  title={Language models are unsupervised multitask learners},
  author={Radford, Alec and Wu, Jeffrey and Child, Rewon and Luan, David and Amodei, Dario and Sutskever, Ilya and others},
  journal={OpenAI blog},
  volume={1},
  number={8},
  pages={9},
  year={2019}
}

@article{wenzel2020hyperparameter,
  title={Hyperparameter ensembles for robustness and uncertainty quantification},
  author={Wenzel, Florian and Snoek, Jasper and Tran, Dustin and Jenatton, Rodolphe},
  journal={NeurIPS},
  volume={33},
  pages={6514--6527},
  year={2020}
}

@article{ovadia2019can,
  title={Can you trust your model's uncertainty? evaluating predictive uncertainty under dataset shift},
  author={Ovadia, Yaniv and Fertig, Emily and Ren, Jie and Nado, Zachary and Sculley, David and Nowozin, Sebastian and Dillon, Joshua and Lakshminarayanan, Balaji and Snoek, Jasper},
  journal={NeurIPS},
  volume={32},
  year={2019}
}

@article{caton2020fairness,
  title={Fairness in machine learning: a survey. arXiv},
  author={Caton, S and Haas, C},
  journal={arXiv preprint arXiv:2010.04053},
  year={2020}
}

@book{ben2009robust,
  title={Robust optimization},
  author={Ben-Tal, Aharon and El Ghaoui, Laurent and Nemirovski, Arkadi},
  volume={28},
  year={2009},
  publisher={Princeton university press}
}

@article{breiman1996bagging,
  title={Bagging predictors},
  author={Breiman, Leo},
  journal={Machine learning},
  volume={24},
  pages={123--140},
  year={1996},
  publisher={Springer}
}

@inproceedings{dietterich2000ensemble,
  title={Ensemble methods in machine learning},
  author={Dietterich, Thomas G},
  booktitle={International workshop on multiple classifier systems},
  pages={1--15},
  year={2000},
  organization={Springer}
}

@article{lakshminarayanan2017simple,
  title={Simple and scalable predictive uncertainty estimation using deep ensembles},
  author={Lakshminarayanan, Balaji and Pritzel, Alexander and Blundell, Charles},
  journal={NeurIPS},
  volume={30},
  year={2017}
}

@article{esfandiarpoor2024if,
  title={If CLIP Could Talk: Understanding Vision-Language Model Representations Through Their Preferred Concept Descriptions},
  author={Esfandiarpoor, Reza and Menghini, Cristina and Bach, Stephen H},
  journal={arXiv preprint arXiv:2403.16442},
  year={2024}
}

@article{dong2022zood,
  title={Zood: Exploiting model zoo for out-of-distribution generalization},
  author={Dong, Qishi and Muhammad, Awais and Zhou, Fengwei and Xie, Chuanlong and Hu, Tianyang and Yang, Yongxin and Bae, Sung-Ho and Li, Zhenguo},
  journal={NeurIPS},
  volume={35},
  pages={31583--31598},
  year={2022}
}

@inproceedings{kirichenko2023last,
  title={Last Layer Re-Training is Sufficient for Robustness to Spurious Correlations},
  author={Kirichenko, Polina and Izmailov, Pavel and Wilson, Andrew Gordon},
  booktitle={ICLR},
  year={2023}
}

@inproceedings{cha2021swad,
  title={Swad: Domain generalization by seeking flat minima},
  author={Cha, Junbum and Chun, Sanghyuk and Lee, Kyungjae and Cho, Han-Cheol and Park, Seunghyun and Lee, Yunsung and Park, Sungrae},
  booktitle={NeurIPS},
  volume={34},
  pages={22405--22418},
  year={2021}
}

@article{wald1945statistical,
  title={Statistical decision functions which minimize the maximum risk},
  author={Wald, Abraham},
  journal={Annals of Mathematics},
  pages={265--280},
  year={1945},
  publisher={JSTOR}
}

@article{shalev2017formal,
  title={On a formal model of safe and scalable self-driving cars},
  author={Shalev-Shwartz, Shai and Shammah, Shaked and Shashua, Amnon},
  journal={arXiv preprint arXiv:1708.06374},
  year={2017}
}

@inproceedings{zhang2023connecting,
  title={Connecting Unseen Domains: Cross-Domain Invariant Learning in Recommendation},
  author={Zhang, Yang and Shen, Yue and Wang, Dong and Gu, Jinjie and Zhang, Guannan},
  booktitle={Proceedings of the 46th International ACM SIGIR Conference on Research and Development in Information Retrieval},
  pages={1894--1898},
  year={2023}
}

@inproceedings{eastwood2022probable,
  title={Probable domain generalization via quantile risk minimization},
  author={Eastwood, Cian and Robey, Alexander and Singh, Shashank and Von K{\"u}gelgen, Julius and Hassani, Hamed and Pappas, George J and Sch{\"o}lkopf, Bernhard},
  booktitle={NeurIPS},
  volume={35},
  pages={17340--17358},
  year={2022}
}

@inproceedings{teney2023id,
  title={Id and ood performance are sometimes inversely correlated on real-world datasets},
  author={Teney, Damien and Lin, Yong and Oh, Seong Joon and Abbasnejad, Ehsan},
  booktitle={NeurIPS},
  volume={36},
  year={2023}
}

@inproceedings{tsipras2019robustness,
  title={Robustness May Be at Odds with Accuracy},
  author={Tsipras, Dimitris and Santurkar, Shibani and Engstrom, Logan and Turner, Alexander and Madry, Aleksander},
  booktitle={ICLR},
  year={2019}
}

@inproceedings{zhang2019theoretically,
  title={Theoretically principled trade-off between robustness and accuracy},
  author={Zhang, Hongyang and Yu, Yaodong and Jiao, Jiantao and Xing, Eric and El Ghaoui, Laurent and Jordan, Michael},
  booktitle={ICML},
  pages={7472--7482},
  year={2019},
  organization={PMLR}
}

@article{wolpert1997no,
  title={No free lunch theorems for optimization},
  author={Wolpert, David H and Macready, William G},
  journal={IEEE transactions on evolutionary computation},
  volume={1},
  number={1},
  pages={67--82},
  year={1997},
  publisher={IEEE}
}

@inproceedings{ruan2022optimal,
  title={Optimal Representations for Covariate Shift},
  author={Ruan, Yangjun and Dubois, Yann and Maddison, Chris J},
  booktitle={ICLR},
  year={2022}
}

@inproceedings{goyal2023finetune,
  title={Finetune like you pretrain: Improved finetuning of zero-shot vision models},
  author={Goyal, Sachin and Kumar, Ananya and Garg, Sankalp and Kolter, Zico and Raghunathan, Aditi},
  booktitle={CVPR},
  pages={19338--19347},
  year={2023}
}

@inproceedings{cheng2024disentangled,
  title={Disentangled Prompt Representation for Domain Generalization},
  author={Cheng, De and Xu, Zhipeng and Jiang, Xinyang and Wang, Nannan and Li, Dongsheng and Gao, Xinbo},
  booktitle={CVPR},
  pages={23595--23604},
  year={2024}
}

@article{tian2024fast,
  title={Fast trainable projection for robust fine-tuning},
  author={Tian, Junjiao and Liu, Yen-Cheng and Smith, James S and Kira, Zsolt},
  journal={NeurIPS},
  volume={36},
  year={2023}
}

@inproceedings{shu2023clipood,
  title={Clipood: Generalizing clip to out-of-distributions},
  author={Shu, Yang and Guo, Xingzhuo and Wu, Jialong and Wang, Ximei and Wang, Jianmin and Long, Mingsheng},
  booktitle={ICML},
  pages={31716--31731},
  year={2023},
  organization={PMLR}
}

@article{oh2023towards,
  title={Towards calibrated robust fine-tuning of vision-language models},
  author={Oh, Changdae and Kim, Mijoo and Lim, Hyesu and Park, Junhyeok and Jeong, Euiseog and Cheng, Zhi-Qi and Song, Kyungwoo},
  journal={arXiv preprint arXiv:2311.01723},
  year={2023}
}

@inproceedings{han2024anchor,
  title={Anchor-based Robust Finetuning of Vision-Language Models},
  author={Han, Jinwei and Lin, Zhiwen and Sun, Zhongyisun and Gao, Yingguo and Yan, Ke and Ding, Shouhong and Gao, Yuan and Xia, Gui-Song},
  booktitle={CVPR},
  pages={26919--26928},
  year={2024}
}

@inproceedings{tian2023trainable,
  title={Trainable projected gradient method for robust fine-tuning},
  author={Tian, Junjiao and He, Zecheng and Dai, Xiaoliang and Ma, Chih-Yao and Liu, Yen-Cheng and Kira, Zsolt},
  booktitle={CVPR},
  pages={7836--7845},
  year={2023}
}

@inproceedings{namlipsum,
  title={Lipsum-FT: Robust Fine-Tuning of Zero-Shot Models Using Random Text Guidance},
  author={Nam, Giung and Heo, Byeongho and Lee, Juho},
  booktitle={ICLR},
  year={2024}
}

@article{mao2024context,
  title={Context-aware robust fine-tuning},
  author={Mao, Xiaofeng and Chen, Yufeng and Jia, Xiaojun and Zhang, Rong and Xue, Hui and Li, Zhao},
  journal={IJCV},
  volume={132},
  number={5},
  pages={1685--1700},
  year={2024},
  publisher={Springer}
}

@inproceedings{wortsman2022model,
  title={Model soups: averaging weights of multiple fine-tuned models improves accuracy without increasing inference time},
  author={Wortsman, Mitchell and Ilharco, Gabriel and Gadre, Samir Ya and Roelofs, Rebecca and Gontijo-Lopes, Raphael and Morcos, Ari S and Namkoong, Hongseok and Farhadi, Ali and Carmon, Yair and Kornblith, Simon and others},
  booktitle={ICML},
  pages={23965--23998},
  year={2022},
  organization={PMLR}
}

@inproceedings{wortsman2022robust,
  title={Robust fine-tuning of zero-shot models},
  author={Wortsman, Mitchell and Ilharco, Gabriel and Kim, Jong Wook and Li, Mike and Kornblith, Simon and Roelofs, Rebecca and Lopes, Raphael Gontijo and Hajishirzi, Hannaneh and Farhadi, Ali and Namkoong, Hongseok and others},
  booktitle={CVPR},
  pages={7959--7971},
  year={2022}
}

@article{pham2023combined,
  title={Combined scaling for zero-shot transfer learning},
  author={Pham, Hieu and Dai, Zihang and Ghiasi, Golnaz and Kawaguchi, Kenji and Liu, Hanxiao and Yu, Adams Wei and Yu, Jiahui and Chen, Yi-Ting and Luong, Minh-Thang and Wu, Yonghui and others},
  journal={Neurocomputing},
  volume={555},
  pages={126658},
  year={2023},
  publisher={Elsevier}
}

@inproceedings{alayrac2022flamingo,
  title={Flamingo: a visual language model for few-shot learning},
  author={Alayrac, Jean-Baptiste and Donahue, Jeff and Luc, Pauline and Miech, Antoine and Barr, Iain and Hasson, Yana and Lenc, Karel and Mensch, Arthur and Millican, Katherine and Reynolds, Malcolm and others},
  booktitle={NeurIPS},
  volume={35},
  pages={23716--23736},
  year={2022}
}

@inproceedings{zhu2024minigpt,
  title={MiniGPT-4: Enhancing Vision-Language Understanding with Advanced Large Language Models},
  author={Zhu, Deyao and Chen, Jun and Shen, Xiaoqian and Li, Xiang and Elhoseiny, Mohamed},
  booktitle={ICLR},
  year={2024}
}

@inproceedings{shen2022much,
  title={How Much Can CLIP Benefit Vision-and-Language Tasks?},
  author={Shen, Sheng and Li, Liunian Harold and Tan, Hao and Bansal, Mohit and Rohrbach, Anna and Chang, Kai-Wei and Yao, Zhewei and Keutzer, Kurt},
  booktitle={ICLR},
  year={2022}
}

@inproceedings{li2018explicit,
  title={Explicit inductive bias for transfer learning with convolutional networks},
  author={Li, Xuhong and Grandvalet, Yves and Davoine, Franck},
  booktitle={ICML},
  pages={2825--2834},
  year={2018},
  organization={PMLR}
}

@article{jiang2019smart,
  title={Smart: Robust and efficient fine-tuning for pre-trained natural language models through principled regularized optimization},
  author={Jiang, Haoming and He, Pengcheng and Chen, Weizhu and Liu, Xiaodong and Gao, Jianfeng and Zhao, Tuo},
  journal={arXiv preprint arXiv:1911.03437},
  year={2019}
}

@inproceedings{zhou2022conditional,
  title={Conditional prompt learning for vision-language models},
  author={Zhou, Kaiyang and Yang, Jingkang and Loy, Chen Change and Liu, Ziwei},
  booktitle={CVPR},
  pages={16816--16825},
  year={2022}
}

@article{gao2024clip,
  title={Clip-adapter: Better vision-language models with feature adapters},
  author={Gao, Peng and Geng, Shijie and Zhang, Renrui and Ma, Teli and Fang, Rongyao and Zhang, Yongfeng and Li, Hongsheng and Qiao, Yu},
  journal={International Journal of Computer Vision},
  volume={132},
  number={2},
  pages={581--595},
  year={2024},
  publisher={Springer}
}

@inproceedings{ge2017borrowing,
  title={Borrowing treasures from the wealthy: Deep transfer learning through selective joint fine-tuning},
  author={Ge, Weifeng and Yu, Yizhou},
  booktitle={CVPR},
  pages={1086--1095},
  year={2017}
}


@inproceedings{zhu2020freelb,
  title={FreeLB: Enhanced Adversarial Training for Natural Language Understanding},
  author={Zhu, Chen and Cheng, Yu and Gan, Zhe and Sun, Siqi and Goldstein, Tom and Liu, Jingjing},
  booktitle={ICLR},
  year={2020}
}

@article{hinton2015distilling,
  title={Distilling the knowledge in a neural network},
  author={Hinton, Geoffrey and Vinyals, Oriol and Dean, Jeff},
  journal={arXiv preprint arXiv:1503.02531},
  year={2015}
}

@inproceedings{zhang2020side,
  title={Side-tuning: a baseline for network adaptation via additive side networks},
  author={Zhang, Jeffrey O and Sax, Alexander and Zamir, Amir and Guibas, Leonidas and Malik, Jitendra},
  booktitle={ECCV},
  pages={698--714},
  year={2020},
  organization={Springer}
}

@inproceedings{guo2019spottune,
  title={Spottune: transfer learning through adaptive fine-tuning},
  author={Guo, Yunhui and Shi, Honghui and Kumar, Abhishek and Grauman, Kristen and Rosing, Tajana and Feris, Rogerio},
  booktitle={CVPR},
  pages={4805--4814},
  year={2019}
}

@inproceedings{kumar2022fine,
  title={Fine-Tuning can Distort Pretrained Features and Underperform Out-of-Distribution},
  author={Kumar, Ananya and Raghunathan, Aditi and Jones, Robbie Matthew and Ma, Tengyu and Liang, Percy},
  booktitle={ICLR},
  year={2022}
}

@inproceedings{zhang2022pointclip,
  title={Pointclip: Point cloud understanding by clip},
  author={Zhang, Renrui and Guo, Ziyu and Zhang, Wei and Li, Kunchang and Miao, Xupeng and Cui, Bin and Qiao, Yu and Gao, Peng and Li, Hongsheng},
  booktitle={CVPR},
  pages={8552--8562},
  year={2022}
}

@inproceedings{pi2024ins,
  title={Ins-DetCLIP: Aligning Detection Model to Follow Human-Language Instruction},
  author={Pi, Renjie and Yao, Lewei and Han, Jianhua and Liang, Xiaodan and Zhang, Wei and Xu, Hang},
  booktitle={ICLR},
  year={2024}
}

@inproceedings{liu2023visual,
  title={Visual instruction tuning},
  author={Liu, Haotian and Li, Chunyuan and Wu, Qingyang and Lee, Yong Jae},
  booktitle={NeurIPS},
  volume={36},
  year={2023}
}

@inproceedings{li2022blip,
  title={Blip: Bootstrapping language-image pre-training for unified vision-language understanding and generation},
  author={Li, Junnan and Li, Dongxu and Xiong, Caiming and Hoi, Steven},
  booktitle={ICML},
  pages={12888--12900},
  year={2022},
  organization={PMLR}
}

@article{krizhevsky2009learning,
  title={Learning multiple layers of features from tiny images},
  author={Krizhevsky, Alex and Hinton, Geoffrey and others},
  year={2009},
  publisher={Toronto, ON, Canada}
}

@inproceedings{peterson2019human,
  title={Human uncertainty makes classification more robust},
  author={Peterson, Joshua C and Battleday, Ruairidh M and Griffiths, Thomas L and Russakovsky, Olga},
  booktitle={ICCV},
  pages={9617--9626},
  year={2019}
}

@article{betker2023improving,
  title={Improving image generation with better captions},
  author={Betker, James and Goh, Gabriel and Jing, Li and Brooks, Tim and Wang, Jianfeng and Li, Linjie and Ouyang, Long and Zhuang, Juntang and Lee, Joyce and Guo, Yufei and others},
  journal={Computer Science. https://cdn. openai. com/papers/dall-e-3. pdf},
  volume={2},
  number={3},
  pages={8},
  year={2023}
}

@article{bommasani2021opportunities,
  title={On the opportunities and risks of foundation models},
  author={Bommasani, Rishi and Hudson, Drew A and Adeli, Ehsan and Altman, Russ and Arora, Simran and von Arx, Sydney and Bernstein, Michael S and Bohg, Jeannette and Bosselut, Antoine and Brunskill, Emma and others},
  journal={arXiv preprint arXiv:2108.07258},
  year={2021}
}

@inproceedings{mayilvahanan2023does,
  title={Does CLIPâ€™s generalization performance mainly stem from high train-test similarity?},
  author={Mayilvahanan, Prasanna and Wiedemer, Thadd{\"a}us and Rusak, Evgenia and Bethge, Matthias and Brendel, Wieland},
  booktitle={NeurIPS 2023 Workshop on Distribution Shifts: New Frontiers with Foundation Models},
  year={2023}
}

@inproceedings{fang2022data,
  title={Data determines distributional robustness in contrastive language image pre-training (clip)},
  author={Fang, Alex and Ilharco, Gabriel and Wortsman, Mitchell and Wan, Yuhao and Shankar, Vaishaal and Dave, Achal and Schmidt, Ludwig},
  booktitle={ICML},
  pages={6216--6234},
  year={2022},
  organization={PMLR}
}

@article{ben2010theory,
  title={A theory of learning from different domains},
  author={Ben-David, Shai and Blitzer, John and Crammer, Koby and Kulesza, Alex and Pereira, Fernando and Vaughan, Jennifer Wortman},
  journal={Machine learning},
  volume={79},
  pages={151--175},
  year={2010},
  publisher={Springer}
}

@article{barbu2019objectnet,
  title={Objectnet: A large-scale bias-controlled dataset for pushing the limits of object recognition models},
  author={Barbu, Andrei and Mayo, David and Alverio, Julian and Luo, William and Wang, Christopher and Gutfreund, Dan and Tenenbaum, Josh and Katz, Boris},
  journal={NeurIPS},
  volume={32},
  year={2019}
}

@article{wang2019learning,
  title={Learning robust global representations by penalizing local predictive power},
  author={Wang, Haohan and Ge, Songwei and Lipton, Zachary and Xing, Eric P},
  journal={NeurIPS},
  volume={32},
  year={2019}
}

@inproceedings{hendrycks2021natural,
  title={Natural adversarial examples},
  author={Hendrycks, Dan and Zhao, Kevin and Basart, Steven and Steinhardt, Jacob and Song, Dawn},
  booktitle={CVPR},
  pages={15262--15271},
  year={2021}
}

@inproceedings{hendrycks2021many,
  title={The many faces of robustness: A critical analysis of out-of-distribution generalization},
  author={Hendrycks, Dan and Basart, Steven and Mu, Norman and Kadavath, Saurav and Wang, Frank and Dorundo, Evan and Desai, Rahul and Zhu, Tyler and Parajuli, Samyak and Guo, Mike and others},
  booktitle={ICCV},
  pages={8340--8349},
  year={2021}
}

@inproceedings{recht2019imagenet,
  title={Do imagenet classifiers generalize to imagenet?},
  author={Recht, Benjamin and Roelofs, Rebecca and Schmidt, Ludwig and Shankar, Vaishaal},
  booktitle={ICML},
  pages={5389--5400},
  year={2019},
  organization={PMLR}
}

@inproceedings{jia2021scaling,
  title={Scaling up visual and vision-language representation learning with noisy text supervision},
  author={Jia, Chao and Yang, Yinfei and Xia, Ye and Chen, Yi-Ting and Parekh, Zarana and Pham, Hieu and Le, Quoc and Sung, Yun-Hsuan and Li, Zhen and Duerig, Tom},
  booktitle={ICML},
  pages={4904--4916},
  year={2021},
  organization={PMLR}
}

@inproceedings{radford2021learning,
  title={Learning transferable visual models from natural language supervision},
  author={Radford, Alec and Kim, Jong Wook and Hallacy, Chris and Ramesh, Aditya and Goh, Gabriel and Agarwal, Sandhini and Sastry, Girish and Askell, Amanda and Mishkin, Pamela and Clark, Jack and others},
  booktitle={ICML},
  pages={8748--8763},
  year={2021},
  organization={PMLR}
}


@inproceedings{liu2020towards,
  title={Towards domain generalization in underwater object detection},
  author={Liu, Hong and Song, Pinhao and Ding, Runwei},
  booktitle={2020 IEEE International Conference on Image Processing (ICIP)},
  pages={1971--1975},
  year={2020},
  organization={IEEE}
}

@inproceedings{tenenbaum1996separating,
  title={Separating style and content},
  author={Tenenbaum, Joshua and Freeman, William},
  booktitle={NeurIPS},
  volume={9},
  year={1996}
}

@article{ouyang2022training,
  title={Training language models to follow instructions with human feedback, 2022},
  author={Ouyang, Long and Wu, Jeff and Jiang, Xu and Almeida, Diogo and Wainwright, Carroll L and Mishkin, Pamela and Zhang, Chong and Agarwal, Sandhini and Slama, Katarina and Ray, Alex and others},
  journal={URL https://arxiv. org/abs/2203.02155},
  volume={13},
  year={2022}
}

@article{rafailov2023direct,
  title={Direct preference optimization: Your language model is secretly a reward model},
  author={Rafailov, Rafael and Sharma, Archit and Mitchell, Eric and Ermon, Stefano and Manning, Christopher D and Finn, Chelsea},
  journal={arXiv preprint arXiv:2305.18290},
  year={2023}
}


@inproceedings{pratt2023does,
  title={What does a platypus look like? generating customized prompts for zero-shot image classification},
  author={Pratt, Sarah and Covert, Ian and Liu, Rosanne and Farhadi, Ali},
  booktitle={ICCV},
  pages={15691--15701},
  year={2023}
}

@inproceedings{yang2023language,
  title={Language in a bottle: Language model guided concept bottlenecks for interpretable image classification},
  author={Yang, Yue and Panagopoulou, Artemis and Zhou, Shenghao and Jin, Daniel and Callison-Burch, Chris and Yatskar, Mark},
  booktitle={CVPR},
  pages={19187--19197},
  year={2023}
}

@inproceedings{neuhaus2023spurious,
  title={Spurious features everywhere-large-scale detection of harmful spurious features in imagenet},
  author={Neuhaus, Yannic and Augustin, Maximilian and Boreiko, Valentyn and Hein, Matthias},
  booktitle={ICCV},
  pages={20235--20246},
  year={2023}
}



@inproceedings{maniparambil2023enhancing,
  title={Enhancing clip with gpt-4: Harnessing visual descriptions as prompts},
  author={Maniparambil, Mayug and Vorster, Chris and Molloy, Derek and Murphy, Noel and McGuinness, Kevin and O'Connor, Noel E},
  booktitle={ICCV},
  pages={262--271},
  year={2023}
}

@inproceedings{menon2022visual,
  title={Visual Classification via Description from Large Language Models},
  author={Menon, Sachit and Vondrick, Carl},
  booktitle={ICLR},
  year={2022}
}

@inproceedings{yan2023learning,
  title={Learning concise and descriptive attributes for visual recognition},
  author={Yan, An and Wang, Yu and Zhong, Yiwu and Dong, Chengyu and He, Zexue and Lu, Yujie and Wang, William Yang and Shang, Jingbo and McAuley, Julian},
  booktitle={ICCV},
  pages={3090--3100},
  year={2023}
}


@article{achiam2023gpt,
  title={Gpt-4 technical report},
  author={Achiam, Josh and Adler, Steven and Agarwal, Sandhini and Ahmad, Lama and Akkaya, Ilge and Aleman, Florencia Leoni and Almeida, Diogo and Altenschmidt, Janko and Altman, Sam and Anadkat, Shyamal and others},
  journal={arXiv preprint arXiv:2303.08774},
  year={2023}
}

@article{ouyang2022causality,
  title={Causality-inspired single-source domain generalization for medical image segmentation},
  author={Ouyang, Cheng and Chen, Chen and Li, Surui and Li, Zeju and Qin, Chen and Bai, Wenjia and Rueckert, Daniel},
  journal={IEEE Transactions on Medical Imaging},
  year={2022},
  publisher={IEEE}
}

@article{bousmalis2016domain,
	title={Domain separation networks},
	author={Bousmalis, Konstantinos and Trigeorgis, George and Silberman, Nathan and Krishnan, Dilip and Erhan, Dumitru},
	journal={NeurIPS},
	volume={29},
	year={2016}
}

@article{sohn2020fixmatch,
  title={Fixmatch: Simplifying semi-supervised learning with consistency and confidence},
  author={Sohn, Kihyuk and Berthelot, David and Carlini, Nicholas and Zhang, Zizhao and Zhang, Han and Raffel, Colin A and Cubuk, Ekin Dogus and Kurakin, Alexey and Li, Chun-Liang},
  journal={NeurIPS},
  volume={33},
  pages={596--608},
  year={2020}
}

@inproceedings{teney2022evading,
	title={Evading the simplicity bias: Training a diverse set of models discovers solutions with superior ood generalization},
	author={Teney, Damien and Abbasnejad, Ehsan and Lucey, Simon and van den Hengel, Anton},
	booktitle={CVPR},
	pages={16761--16772},
	year={2022}
}

@article{tellez2018whole,
  title={Whole-slide mitosis detection in H\&E breast histology using PHH3 as a reference to train distilled stain-invariant convolutional networks},
  author={Tellez, David and Balkenhol, Maschenka and Otte-H{\"o}ller, Irene and van de Loo, Rob and Vogels, Rob and Bult, Peter and Wauters, Carla and Vreuls, Willem and Mol, Suzanne and Karssemeijer, Nico and others},
  journal={IEEE transactions on medical imaging},
  volume={37},
  number={9},
  pages={2126--2136},
  year={2018},
  publisher={IEEE}
}

@article{beery2019efficient,
  title={Efficient pipeline for camera trap image review},
  author={Beery, Sara and Morris, Dan and Yang, Siyu},
  journal={arXiv preprint arXiv:1907.06772},
  year={2019}
}

@article{valle2018deep,
	title={Deep learning generalizes because the parameter-function map is biased towards simple functions},
	author={Valle-Perez, Guillermo and Camargo, Chico Q and Louis, Ard A},
	journal={arXiv preprint arXiv:1805.08522},
	year={2018}
}

@inproceedings{arpit2017closer,
	title={A closer look at memorization in deep networks},
	author={Arpit, Devansh and Jastrz{\k{e}}bski, Stanis{\l}aw and Ballas, Nicolas and Krueger, David and Bengio, Emmanuel and Kanwal, Maxinder S and Maharaj, Tegan and Fischer, Asja and Courville, Aaron and Bengio, Yoshua and others},
	booktitle={ICML},
	pages={233--242},
	year={2017},
	organization={PMLR}
}





@inproceedings{chen2020simple,
	title={A simple framework for contrastive learning of visual representations},
	author={Chen, Ting and Kornblith, Simon and Norouzi, Mohammad and Hinton, Geoffrey},
	booktitle={ICML},
	pages={1597--1607},
	year={2020},
	organization={PMLR}
}

@inproceedings{touvron2021training,
	title={Training data-efficient image transformers \& distillation through attention},
	author={Touvron, Hugo and Cord, Matthieu and Douze, Matthijs and Massa, Francisco and Sablayrolles, Alexandre and J{\'e}gou, Herv{\'e}},
	booktitle={ICML},
	pages={10347--10357},
	year={2021},
	organization={PMLR}
}


@inproceedings{liu2021swin,
	title={Swin transformer: Hierarchical vision transformer using shifted windows},
	author={Liu, Ze and Lin, Yutong and Cao, Yue and Hu, Han and Wei, Yixuan and Zhang, Zheng and Lin, Stephen and Guo, Baining},
	booktitle={ICCV},
	pages={10012--10022},
	year={2021}
}

@inproceedings{dosovitskiy2020image,
	title={An Image is Worth 16x16 Words: Transformers for Image Recognition at Scale},
	author={Dosovitskiy, Alexey and Beyer, Lucas and Kolesnikov, Alexander and Weissenborn, Dirk and Zhai, Xiaohua and Unterthiner, Thomas and Dehghani, Mostafa and Minderer, Matthias and Heigold, Georg and Gelly, Sylvain and others},
	booktitle={ICLR},
	year={2020}
}
@inproceedings{beery2018recognition,
	title={Recognition in Terra Incognita},
	author={Sara Beery and Grant Van Horn and Pietro Perona},
	booktitle={ECCV},
	year={2018}
}

@article{beery2020iwildcam,
	title={The iWildCam 2020 Competition Dataset},
	author={Beery, Sara and Cole, Elijah and Gjoka, Arvi},
	journal={arXiv preprint arXiv:2004.10340},
	year={2020}
}
@inproceedings{wang2017chestx,
	title={Chestx-ray8: Hospital-scale chest x-ray database and benchmarks on weakly-supervised classification and localization of common thorax diseases},
	author={Wang, Xiaosong and Peng, Yifan and Lu, Le and Lu, Zhiyong and Bagheri, Mohammadhadi and Summers, Ronald M},
	booktitle={CVPR},
	pages={2097--2106},
	year={2017}
}
@inproceedings{irvin2019chexpert,
	title={Chexpert: A large chest radiograph dataset with uncertainty labels and expert comparison},
	author={Irvin, Jeremy and Rajpurkar, Pranav and Ko, Michael and Yu, Yifan and Ciurea-Ilcus, Silviana and Chute, Chris and Marklund, Henrik and Haghgoo, Behzad and Ball, Robyn and Shpanskaya, Katie and others},
	booktitle={Proceedings of the AAAI conference on artificial intelligence},
	volume={33},
	number={01},
	pages={590--597},
	year={2019}
}
@article{radiological2018rsna,
	title={RSNA Pneumonia Detection Challenge},
	author={Radiological Society of North America},
	journal={Kaggle},
	year={2018}
}
@article{bandi2018detection,
	title={From detection of individual metastases to classification of lymph node status at the patient level: the CAMELYON17 challenge},
	author={Bandi, Peter and Geessink, Oscar and Manson, Quirine and Van Dijk, Marcory and Balkenhol, Maschenka and Hermsen, Meyke and Bejnordi, Babak Ehteshami and Lee, Byungjae and Paeng, Kyunghyun and Zhong, Aoxiao and others},
	journal={IEEE Transactions on Medical Imaging},
	year={2018},
	publisher={IEEE}
}
@inproceedings{sofiiuk2020f,
	title={f-brs: Rethinking backpropagating refinement for interactive segmentation},
	author={Sofiiuk, Konstantin and Petrov, Ilia and Barinova, Olga and Konushin, Anton},
	booktitle={CVPR},
	pages={8623--8632},
	year={2020}
}
@inproceedings{caron2021emerging,
	title={Emerging properties in self-supervised vision transformers},
	author={Caron, Mathilde and Touvron, Hugo and Misra, Ishan and J{\'e}gou, Herv{\'e} and Mairal, Julien and Bojanowski, Piotr and Joulin, Armand},
	booktitle={ICCV},
	pages={9650--9660},
	year={2021}
}
@article{nichol2021glide,
	title={Glide: Towards photorealistic image generation and editing with text-guided diffusion models},
	author={Nichol, Alex and Dhariwal, Prafulla and Ramesh, Aditya and Shyam, Pranav and Mishkin, Pamela and McGrew, Bob and Sutskever, Ilya and Chen, Mark},
	journal={arXiv preprint arXiv:2112.10741},
	year={2021}
}
@inproceedings{zhu2017unpaired,
	title={Unpaired image-to-image translation using cycle-consistent adversarial networks},
	author={Zhu, Jun-Yan and Park, Taesung and Isola, Phillip and Efros, Alexei A},
	booktitle={Proceedings of the IEEE international conference on computer vision},
	pages={2223--2232},
	year={2017}
}
@inproceedings{caron2018deep,
	title={Deep clustering for unsupervised learning of visual features},
	author={Caron, Mathilde and Bojanowski, Piotr and Joulin, Armand and Douze, Matthijs},
	booktitle={ECCV},
	pages={132--149},
	year={2018}
}

@inproceedings{xu2022groupvit,
	title={GroupViT: Semantic Segmentation Emerges from Text Supervision},
	author={Xu, Jiarui and De Mello, Shalini and Liu, Sifei and Byeon, Wonmin and Breuel, Thomas and Kautz, Jan and Wang, Xiaolong},
	booktitle={CVPR},
	pages={18134--18144},
	year={2022}
}

@article{wang2022generalizing,
	title={Generalizing to unseen domains: A survey on domain generalization},
	author={Wang, Jindong and Lan, Cuiling and Liu, Chang and Ouyang, Yidong and Qin, Tao and Lu, Wang and Chen, Yiqiang and Zeng, Wenjun and Yu, Philip},
	journal={IEEE Transactions on Knowledge and Data Engineering},
	year={2022},
	publisher={IEEE}
}


@article{zech2018variable,
	title={Variable generalization performance of a deep learning model to detect pneumonia in chest radiographs: a cross-sectional study},
	author={Zech, John R and Badgeley, Marcus A and Liu, Manway and Costa, Anthony B and Titano, Joseph J and Oermann, Eric Karl},
	journal={PLoS medicine},
	volume={15},
	number={11},
	pages={e1002683},
	year={2018},
	publisher={Public Library of Science San Francisco, CA USA}
}

@article{taori2020measuring,
	title={Measuring robustness to natural distribution shifts in image classification},
	author={Taori, Rohan and Dave, Achal and Shankar, Vaishaal and Carlini, Nicholas and Recht, Benjamin and Schmidt, Ludwig},
	journal={NeurIPS},
	volume={33},
	pages={18583--18599},
	year={2020}
}

@book{pearl2009causality,
	title={Causality},
	author={Pearl, Judea},
	year={2009},
	publisher={Cambridge university press}
}


@article{peters2016causal,
	title={Causal inference by using invariant prediction: identification and confidence intervals},
	author={Peters, Jonas and B{\"u}hlmann, Peter and Meinshausen, Nicolai},
	journal={Journal of the Royal Statistical Society: Series B (Statistical Methodology)},
	volume={78},
	number={5},
	pages={947--1012},
	year={2016},
	publisher={Wiley Online Library}
}

@article{rother2004grabcut,
	title={``GrabCut'' interactive foreground extraction using iterated graph cuts},
	author={Rother, Carsten and Kolmogorov, Vladimir and Blake, Andrew},
	journal={ACM transactions on graphics (TOG)},
	volume={23},
	number={3},
	pages={309--314},
	year={2004},
	publisher={ACM New York, NY, USA}
}

@inproceedings{karras2019style,
  title={A style-based generator architecture for generative adversarial networks},
  author={Karras, Tero and Laine, Samuli and Aila, Timo},
  booktitle={CVPR},
  pages={4401--4410},
  year={2019}
}


@article{heinze2021conditional,
	title={Conditional variance penalties and domain shift robustness},
	author={Heinze-Deml, Christina and Meinshausen, Nicolai},
	journal={Machine Learning},
	volume={110},
	number={2},
	pages={303--348},
	year={2021},
	publisher={Springer}
}

@inproceedings{galstyan2022failure,
	title={Failure Modes of Domain Generalization Algorithms},
	author={Galstyan, Tigran and Harutyunyan, Hrayr and Khachatrian, Hrant and Steeg, Greg Ver and Galstyan, Aram},
	booktitle={CVPR},
	pages={19077--19086},
	year={2022}
}

@inproceedings{zhao2019learning,
	title={On learning invariant representations for domain adaptation},
	author={Zhao, Han and Des Combes, Remi Tachet and Zhang, Kun and Gordon, Geoffrey},
	booktitle={ICML},
	pages={7523--7532},
	year={2019},
	organization={PMLR}
}

@article{xiao2020noise,
	title={Noise or signal: The role of image backgrounds in object recognition},
	author={Xiao, Kai and Engstrom, Logan and Ilyas, Andrew and Madry, Aleksander},
	journal={arXiv preprint arXiv:2006.09994},
	year={2020}
}

@article{loshchilov2017decoupled,
  title={Decoupled weight decay regularization},
  author={Loshchilov, Ilya and Hutter, Frank},
  journal={arXiv preprint arXiv:1711.05101},
  year={2017}
}


@inproceedings{rosenfeld2021the,
    title={The Risks of Invariant Risk Minimization},
    author={Elan Rosenfeld and Pradeep Kumar Ravikumar and Andrej Risteski},
    booktitle={ICLR},
    year={2021}
}

@inproceedings{sun2020test,
    title={Test-time training with self-supervision for generalization under distribution shifts},
    author={Sun, Yu and Wang, Xiaolong and Liu, Zhuang and Miller, John and Efros, Alexei and Hardt, Moritz},
    booktitle={ICML},
    year={2020}
}


@inproceedings{ahuja2020invariant,
    title={Invariant risk minimization games},
    author={Ahuja, Kartik and Shanmugam, Karthikeyan and Varshney, Kush and Dhurandhar, Amit},
    booktitle={ICML},
    year={2020}
}

@article{bai2020decaug,
    title={DecAug: Out-of-Distribution Generalization via Decomposed Feature Representation and Semantic Augmentation},
    author={Bai, Haoyue and Sun, Rui and Hong, Lanqing and Zhou, Fengwei and Ye, Nanyang and Ye, Han-Jia and Chan, S-H Gary and Li, Zhenguo},
    journal={arXiv:2012.09382},
    year={2020}
}

@inproceedings{zhao2020domain,
    title={Domain Generalization via Entropy Regularization},
    author={Zhao, Shanshan and Gong, Mingming and Liu, Tongliang and Fu, Huan and Tao, Dacheng},
    booktitle={NeurIPS},
    year={2020}
}

@book{newman1999monte,
    title={Monte carlo methods in statistical physics chapter 1-4},
    author={Newman, M and Barkema, G},
    year={1999},
    publisher={Oxford University Press}
}

@article{rosenblatt1956remarks,
    author = {Murray Rosenblatt},
    title = {Remarks on Some Nonparametric Estimates of a Density Function},
    journal = {The Annals of Mathematical Statistics},
    year = {1956}
}

@article{parzen1962onestimation,
    author = {Emanuel Parzen},
    title = {On Estimation of a Probability Density Function and Mode},
    journal = {The Annals of Mathematical Statistics},
    year = {1962}
}


@article{zhou2022domain,
  title={Domain generalization: A survey},
  author={Zhou, Kaiyang and Liu, Ziwei and Qiao, Yu and Xiang, Tao and Loy, Chen Change},
  journal={IEEE Transactions on Pattern Analysis and Machine Intelligence},
  year={2022},
  publisher={IEEE}
}

@article{zhang2020adaptive,
    title={Adaptive Risk Minimization: A Meta-Learning Approach for Tackling Group Distribution Shift},
    author={Zhang, Marvin and Marklund, Henrik and Dhawan, Nikita and Gupta, Abhishek and Levine, Sergey and Finn, Chelsea},
    journal={arXiv:2007.02931},
    year={2020}
}

@article{zhang2021adaptive,
  title={Adaptive risk minimization: Learning to adapt to domain shift},
  author={Zhang, Marvin and Marklund, Henrik and Dhawan, Nikita and Gupta, Abhishek and Levine, Sergey and Finn, Chelsea},
  journal={NeurIPS},
  volume={34},
  pages={23664--23678},
  year={2021}
}

@inproceedings{parascandolo2021learning,
    title={Learning explanations that are hard to vary},
    author={Giambattista Parascandolo and Alexander Neitz and ANTONIO ORVIETO and Luigi Gresele and Bernhard Sch{\"o}lkopf},
    booktitle={ICLR},
    year={2021}
}

@article{nam2019reducing,
    title={Reducing domain gap via style-agnostic networks},
    author={Nam, Hyeonseob and Lee, HyunJae and Park, Jongchan and Yoon, Wonjun and Yoo, Donggeun},
    journal={arXiv:1910.11645},
    year={2019}
}

@article{koyama2020out,
    title={Out-of-distribution generalization with maximal invariant predictor},
    author={Koyama, Masanori and Yamaguchi, Shoichiro},
    journal={arXiv:2008.01883},
    year={2020}
}

@inproceedings{huang2020self,
  title={Self-challenging improves cross-domain generalization},
  author={Huang, Zeyi and Wang, Haohan and Xing, Eric P and Huang, Dong},
  booktitle={Computer Vision--ECCV 2020: 16th European Conference, Glasgow, UK, August 23--28, 2020, Proceedings, Part II 16},
  pages={124--140},
  year={2020},
  organization={Springer}
}

@article{pezeshki2021gradient,
  title={Gradient starvation: A learning proclivity in neural networks},
  author={Pezeshki, Mohammad and Kaba, Oumar and Bengio, Yoshua and Courville, Aaron C and Precup, Doina and Lajoie, Guillaume},
  journal={NeurIPS},
  volume={34},
  pages={1256--1272},
  year={2021}
}

@inproceedings{deng2009imagenet,
  title={Imagenet: A large-scale hierarchical image database},
  author={Deng, Jia and Dong, Wei and Socher, Richard and Li, Li-Jia and Li, Kai and Fei-Fei, Li},
  booktitle={CVPR},
  year={2009},
}



@book{pearl2000causality,
	year = {2000},
	title = {Causality: Models, Reasoning and Inference},
	publisher = {Cambridge University Press},
	author = {Judea Pearl}
}

@article{hellinger1909neue,
    title = {Neue Begr{\"u}ndung der Theorie quadratischer Formen von unendlichvielen Ver{\"a}nderlichen},
    author = {Ernst Hellinger},
    journal = {Journal f{\"u}r die reine und angewandte Mathematik},
    year = {1909}
}

@inproceedings{azizzadenesheli2018regularized,
    title={Regularized Learning for Domain Adaptation under Label Shifts},
    author={Kamyar Azizzadenesheli and Anqi Liu and Fanny Yang and Animashree Anandkumar},
    booktitle={ICLR},
    year={2019}
}

@inproceedings{muandet2013domain,
    title={Domain generalization via invariant feature representation},
    author={Muandet, Krikamol and Balduzzi, David and Sch{\"o}lkopf, Bernhard},
    booktitle={ICML},
    year={2013}
}

@inproceedings{blanchard2011generalizing,
    author = {Blanchard, Gilles and Lee, Gyemin and Scott, Clayton},
    booktitle = {NeurIPS},
    title = {Generalizing from Several Related Classification Tasks to a New Unlabeled Sample},
    year = {2011}
}

@article{huang2020survey,
    title = {A survey of safety and trustworthiness of deep neural networks: Verification, testing, adversarial attack and defence, and interpretability},
    journal = {Computer Science Review},
    year = {2020},
    author = {Xiaowei Huang and Daniel Kroening and Wenjie Ruan and James Sharp and Youcheng Sun and Emese Thamo and Min Wu and Xinping Yi}
}

@article{sato2020security,
  title={Security of deep learning based lane keeping system under physical-world adversarial attack},
  author={Sato, Takami and Shen, Junjie and Wang, Ningfei and Jia, Yunhan Jack and Lin, Xue and Chen, Qi Alfred},
  journal={arXiv:2003.01782},
  year={2020}
}

@inproceedings{alcorn2019strike,
  title={Strike (with) a pose: Neural networks are easily fooled by strange poses of familiar objects},
  author={Alcorn, Michael A and Li, Qi and Gong, Zhitao and Wang, Chengfei and Mai, Long and Ku, Wei-Shinn and Nguyen, Anh},
  booktitle={CVPR},
  year={2019}
}

@inproceedings{volk2019towards,
  title={Towards robust {CNN}-based object detection through augmentation with synthetic rain variations},
  author={Volk, Georg and M{\"u}ller, Stefan and von Bernuth, Alexander and Hospach, Dennis and Bringmann, Oliver},
  booktitle={ITSC},
  year={2019}
}

@inproceedings{dai2018dark,
  title={Dark model adaptation: Semantic image segmentation from daytime to nighttime},
  author={Dai, Dengxin and Van Gool, Luc},
  booktitle={ITSC},
  year={2018}
}

@article{albadawy2018deep,
  title={Deep learning for segmentation of brain tumors: Impact of cross-institutional training and testing},
  author={AlBadawy, Ehab A and Saha, Ashirbani and Mazurowski, Maciej A},
  journal={Medical physics},
  year={2018},
}

@article{castro2020causality,
  title={Causality matters in medical imaging},
  author={Castro, Daniel C and Walker, Ian and Glocker, Ben},
  journal={Nature Communications},
  year={2020},
}

@inproceedings{quadrianto2019discovering,
    author = {Novi Quadrianto and Viktoriia Sharmanska and Oliver Thomas},
    title = {Discovering Fair Representations in the Data Domain},
    booktitle = {CVPR},
    year = {2019}
}

@inproceedings{wang2020fair,
    author = {Zeyu Wang and Klint Qinami and Ioannis Karakozis and Kyle Genova and Prem Nair and Kenji Hata and Olga Russakovsky},
    title = {Towards Fairness in Visual Recognition: Effective Strategies for Bias Mitigation},
    booktitle = {CVPR},
    year = {2020}
}

@inproceedings{chuang2021fair,
    title={Fair Mixup: Fairness via Interpolation},
    author={Ching-Yao Chuang and Youssef Mroueh},
    booktitle={ICLR},
    year={2021}
}

@article{lecun1998gradient,
    author={Lecun, Y. and Bottou, L. and Bengio, Y. and Haffner, P.},
    journal={Proceedings of the IEEE},
    title={Gradient-based learning applied to document recognition},
    year={1998}
}

@inproceedings{liu2015deep,
    title = {Deep Learning Face Attributes in the Wild},
    author = {Liu, Ziwei and Luo, Ping and Wang, Xiaogang and Tang, Xiaoou},
    booktitle = {ICCV},
    year = {2015} 
}

@article{bandi2019from,
    author={BÃ¡ndi, PÃ©ter et al.},
    journal={TMI},
    title={From Detection of Individual Metastases to Classification of Lymph Node Status at the Patient Level: The {CAMELYON}17 Challenge},
    year={2019},
}


@inproceedings{carlucci2019domain,
    title={Domain Generalization by Solving Jigsaw Puzzles},
    author={Carlucci, Fabio Maria and D'Innocente, Antonio and Bucci, Silvia and Caputo, Barbara and Tommasi, Tatiana},
    booktitle={CVPR},
    year={2019}
}

@inproceedings{sagawa2020distributionally,
    title={Distributionally Robust Neural Networks},
    author={Sagawa, Shiori and Koh, Pang Wei and Hashimoto, Tatsunori B. and Liang, Percy},
    booktitle={ICLR},
    year={2020}
}

@inproceedings{li2018domain,
    title={Domain generalization with adversarial feature learning},
    author={Li, Haoliang and Jialin Pan, Sinno and Wang, Shiqi and Kot, Alex C},
    booktitle={CVPR},
    year={2018}
}

@inproceedings{sun2016deep,
    title={Deep coral: Correlation alignment for deep domain adaptation},
    author={Sun, Baochen and Saenko, Kate},
    booktitle={ECCV},
    year={2016}
}

@article{ganin2016domain,
    title={Domain-Adversarial Training of Neural Networks},
    author={Ganin, Yaroslav and Ustinova, Evgeniya and Ajakan, Hana and Germain, Pascal and Larochelle, Hugo and Laviolette, Fran{\c{c}}ois and Marchand, Mario and Lempitsky, Victor},
    journal={JMLR},
    year={2016},
}

@inproceedings{li2018learning,
    title={Learning to generalize: Meta-learning for domain generalization},
    author={Li, Da and Yang, Yongxin and Song, Yi-Zhe and Hospedales, Timothy},
    booktitle={AAAI},
    year={2018}
}

@article{yan2020improve,
  title={Improve unsupervised domain adaptation with mixup training},
  author={Yan, Shen and Song, Huan and Li, Nanxiang and Zou, Lincan and Ren, Liu},
  journal={arXiv:2001.00677},
  year={2020}
}

@inproceedings{xu2020adversarial,
    title={Adversarial Domain Adaptation with Domain Mixup},
    author={Xu, Minghao and Zhang, Jian and Ni, Bingbing and Li, Teng and Wang, Chengjie and Tian, Qi and Zhang, Wenjun},
    booktitle={AAAI},
    year={2020}
}

@inproceedings{szegedy2014intriguing,
    title	= {Intriguing properties of neural networks},
    author	= {Christian Szegedy and Wojciech Zaremba and Ilya Sutskever and Joan Bruna and Dumitru Erhan and Ian Goodfellow and Rob Fergus},
    year	= {2014},
    booktitle= {ICLR}
}

@inproceedings{peng2019moment,
    title={Moment matching for multi-source domain adaptation},
    author={Peng, Xingchao and Bai, Qinxun and Xia, Xide and Huang, Zijun and Saenko, Kate and Wang, Bo},
    booktitle={ICCV},
    year={2019}
}

@inproceedings{li2017deeper,
    author = {D. Li and Y. Yang and Y. Song and T. M. Hospedales},
    booktitle = {ICCV},
    title = {Deeper, Broader and Artier Domain Generalization},
    year = {2017},
}

@inproceedings{venkateswara2017deep,
    author = {Venkateswara, Hemanth and Eusebio, Jose and Chakraborty, Shayok and Panchanathan, Sethuraman},
    title = {Deep Hashing Network for Unsupervised Domain Adaptation},
    booktitle = {CVPR},
    year = {2017}
}

@inproceedings{torralba2011unbiased,
    author={Torralba, Antonio and Efros, Alexei A.},
    booktitle={CVPR}, 
    title={Unbiased look at dataset bias}, 
    year={2011}
}

@inproceedings{mancini2020towards,
    author = {Mancini, Massimiliano and Akata, Zeynep and Ricci, Elisa and Caputo, Barbara},
    title  = {Towards Recognizing Unseen Categories in Unseen Domains},
    booktitle = {ECCV},
    year      = {2020}
}

@inproceedings{bahng2019rebias,
    title={Learning De-biased Representations with Biased Representations},
    author={Bahng, Hyojin and Chun, Sanghyuk and Yun, Sangdoo and Choo, Jaegul and Oh, Seong Joon},
    year={2020},
    booktitle={ICML},
}

@inproceedings{he2016deep,
    title={Deep residual learning for image recognition},
    author={He, Kaiming and Zhang, Xiangyu and Ren, Shaoqing and Sun, Jian},
    booktitle={CVPR},
    year={2016}
}

@inproceedings{koh2021wilds,
  title={WILDS: A benchmark of in-the-wild distribution shifts},
  author={Koh, Pang Wei and Sagawa, Shiori and Marklund, Henrik and Xie, Sang Michael and Zhang, Marvin and Balsubramani, Akshay and Hu, Weihua and Yasunaga, Michihiro and Phillips, Richard Lanas and Gao, Irena and others},
  booktitle={ICML},
  pages={5637--5664},
  year={2021},
  organization={PMLR}
}

@article{devlin2018bert,
    title={Bert: Pre-training of deep bidirectional transformers for language understanding},
    author={Devlin, Jacob and Chang, Ming-Wei and Lee, Kenton and Toutanova, Kristina},
    journal={arXiv:1810.04805},
    year={2018}
}

@book{vapnik1998statistical,
    title={Statistical Learning Theory},
    author={Vladimir Vapnik},
    publisher={Wiley},
    year={1998},
}

@inproceedings{gulrajani2021in,
    title={In Search of Lost Domain Generalization},
    author={Ishaan Gulrajani and David Lopez-Paz},
    booktitle={ICLR},
    year={2021},
}

@article{krueger2020outofdistribution,
    title={Out-of-Distribution Generalization via Risk Extrapolation (REx)},
    author={Krueger, David and Caballero, Ethan and Jacobsen, Joern-Henrik and Zhang, Amy and Binas, Jonathan and Priol, Remi Le and Courville, Aaron},
    journal={arXiv:2003.00688},
    year={2020}
}

@article{arjovsky2019invariant,
    title={Invariant Risk Minimization},
    author={Arjovsky, Martin and Bottou, L{\'e}on and Gulrajani, Ishaan and Lopez-Paz, David},
    journal={arXiv:1907.02893},
    year={2019}
}

@article{geirhos2020shortcut,
    title={Shortcut Learning in Deep Neural Networks},
    author={Geirhos, Robert and Jacobsen, JÃ¶rn-Henrik and Michaelis, Claudio and Zemel, Richard and Brendel, Wieland and Bethge, Matthias and Wichmann, Felix A.},
    journal={Nature Machine Intelligence},
    year={2020}
}

@article{he2020towards,
    title={Towards Non-IID Image Classification: A Dataset and Baselines},
    author={He, Yue and Shen, Zheyan and Cui, Peng},
    journal={Pattern Recognition},
    year={2020},
}

@inproceedings{hendrycks2018benchmarking,
    title={Benchmarking Neural Network Robustness to Common Corruptions and Perturbations},
    author={Dan Hendrycks and Thomas Dietterich},
    booktitle={ICLR},
    year={2019},
}


@inproceedings{prabhu2022can,
  title={Can domain adaptation make object recognition work for everyone?},
  author={Prabhu, Viraj and Selvaraju, Ramprasaath R and Hoffman, Judy and Naik, Nikhil},
  booktitle={CVPR},
  pages={3981--3988},
  year={2022}
}

@article{hendrycks2020many,
    title={The Many Faces of Robustness: A Critical Analysis of Out-of-Distribution Generalization},
    author={Dan Hendrycks and Steven Basart and Norman Mu and Saurav Kadavath and Frank Wang and Evan Dorundo and Rahul Desai and Tyler Zhu and Samyak Parajuli and Mike Guo and Dawn Song and Jacob Steinhardt and Justin Gilmer},
    journal={arXiv:2006.16241},
    year={2020}
}

@inproceedings{wang2019learning2,
    title={Learning Robust Global Representations by Penalizing Local Predictive Power},
    author={Wang, Haohan and Ge, Songwei and Lipton, Zachary and Xing, Eric P},
    booktitle={NeurIPS},
    year={2019}
}


@misc{zhang2021deep,
    title={Deep Stable Learning for Out-Of-Distribution Generalization},
    author={Xingxuan Zhang and Peng Cui and Renzhe Xu and Linjun Zhou and Yue He and Zheyan Shen},
    year={2021},
    eprint={2104.07876},
    archivePrefix={arXiv},
}

@inproceedings{zhou2016learning,
    title={Learning deep features for discriminative localization},
    author={Zhou, Bolei and Khosla, Aditya and Lapedriza, Agata and Oliva, Aude and Torralba, Antonio},
    booktitle={CVPR},
    year={2016}
}

@inproceedings{muhammad2020eigen,
    title={Eigen-CAM: Class Activation Map using Principal Components},
    author={Muhammad, Mohammed Bany and Yeasin, Mohammed},
    booktitle={IJCNN},
    year={2020}
}

@inproceedings{dou2019domain,
    author = {Qi Dou and Daniel C. Castro and Konstantinos Kamnitsas and Ben Glocker},
    title = {Domain Generalization via Model-Agnostic Learning of Semantic Features},
    booktitle = {NeurIPS},
    year = {2019},
}

@inproceedings{Kuang2018,
    author = {Kuang, Kun and Cui, Peng and Athey, Susan and Xiong, Ruoxuan and Li, Bo},
    title = {Stable Prediction across Unknown Environments},
    year = {2018},
    booktitle = {SIGKDD},
}

@inproceedings{kuang2020stable,
  title={Stable prediction with model misspecification and agnostic distribution shift},
  author={Kuang, Kun and Xiong, Ruoxuan and Cui, Peng and Athey, Susan and Li, Bo},
  booktitle={AAAI},
  year={2020}
}

@article{Robins1994,
 author = {James M. Robins and Andrea Rotnitzky and Lue Ping Zhao},
 journal = {Journal of the American Statistical Association},
 title = {Estimation of Regression Coefficients When Some Regressors Are Not Always Observed},
 year = {1994}
}

@article{hendrycks2019natural,
  title={Natural adversarial examples},
  author={Hendrycks, Dan and Zhao, Kevin and Basart, Steven and Steinhardt, Jacob and Song, Dawn},
  journal={arXiv:1907.07174},
  year={2019}
}

@inproceedings{rubner1998metric,
  title={A metric for distributions with applications to image databases},
  author={Rubner, Yossi and Tomasi, Carlo and Guibas, Leonidas J},
  booktitle={ICCV},
  year={1998},
}

@inproceedings{gretton2006kernel,
  title={A kernel method for the two-sample-problem},
  author={Gretton, Arthur and Borgwardt, Karsten and Rasch, Malte and Sch{\"o}lkopf, Bernhard and Smola, Alex},
  booktitle={NeurIPS},
  year={2006}
}

@article{ben2007analysis,
  title={Analysis of representations for domain adaptation},
  author={Ben-David, Shai and Blitzer, John and Crammer, Koby and Pereira, Fernando and others},
  journal={NeurIPS},
  year={2007}
}

@inproceedings{
    ahuja2021empirical,
    title={Empirical or Invariant Risk Minimization? A Sample Complexity Perspective},
    author={Kartik Ahuja and Jun Wang and Amit Dhurandhar and Karthikeyan Shanmugam and Kush R. Varshney},
    booktitle={ICLR},
    year={2021}
}

@inproceedings{akuzawa2019adversarial,
  title={Adversarial invariant feature learning with accuracy constraint for domain generalization},
  author={Akuzawa, Kei and Iwasawa, Yusuke and Matsuo, Yutaka},
  booktitle={ECML-PKDD},
  year={2019},
}

@article{albuquerque2019adversarial,
  title={Adversarial target-invariant representation learning for domain generalization},
  author={Albuquerque, Isabela and Monteiro, Jo{\~a}o and Falk, Tiago H and Mitliagkas, Ioannis},
  journal={arXiv:1911.00804},
  year={2019}
}

@inproceedings{li2018domain2,
  title={Domain generalization via conditional invariant representations},
  author={Li, Ya and Gong, Mingming and Tian, Xinmei and Liu, Tongliang and Tao, Dacheng},
  booktitle={AAAI},
  year={2018}
}

@inproceedings{li2019feature,
  title={Feature-critic networks for heterogeneous domain generalization},
  author={Li, Yiying and Yang, Yongxin and Zhou, Wei and Hospedales, Timothy},
  booktitle={ICML},
  year={2019}
}

@article{balaji2018metareg,
  title={Metareg: Towards domain generalization using meta-regularization},
  author={Balaji, Yogesh and Sankaranarayanan, Swami and Chellappa, Rama},
  journal={NeurIPS},
  year={2018}
}

@article{zhang2019unseen,
  title={When unseen domain generalization is unnecessary? rethinking data augmentation},
  author={Zhang, Ling and Wang, Xiaosong and Yang, Dong and Sanford, Thomas and Harmon, Stephanie and Turkbey, Baris and Roth, Holger and Myronenko, Andriy and Xu, Daguang and Xu, Ziyue},
  journal={arXiv:1906.03347},
  year={2019}
}

@inproceedings{wang2020heterogeneous,
  title={Heterogeneous domain generalization via domain mixup},
  author={Wang, Yufei and Li, Haoliang and Kot, Alex C},
  booktitle={ICASSP},
  year={2020}
}

@inproceedings{wang2020learning,
  title={Learning from Extrinsic and Intrinsic Supervisions for Domain Generalization},
  author={Wang, Shujun and Yu, Lequan and Li, Caizi and Fu, Chi-Wing and Heng, Pheng-Ann},
  booktitle={ECCV},
  year={2020}
}

@inproceedings{zhou2020deep,
  title={Deep domain-adversarial image generation for domain generalisation},
  author={Zhou, Kaiyang and Yang, Yongxin and Hospedales, Timothy and Xiang, Tao},
  booktitle={AAAI},
  year={2020}
}

@article{kilbertus2018generalization,
  title={Generalization in anti-causal learning},
  author={Kilbertus, Niki and Parascandolo, Giambattista and Sch{\"o}lkopf, Bernhard},
  journal={arXiv:1812.00524},
  year={2018}
}

@article{jacot2018neural,
  title={Neural tangent kernel: Convergence and generalization in neural networks},
  author={Jacot, Arthur and Gabriel, Franck and Hongler, Cl{\'e}ment},
  journal={arXiv:1806.07572},
  year={2018}
}

@article{zandieh2021scaling,
  title={Scaling Neural Tangent Kernels via Sketching and Random Features},
  author={Zandieh, Amir and Han, Insu and Avron, Haim and Shoham, Neta and Kim, Chaewon and Shin, Jinwoo},
  journal={arXiv:2106.07880},
  year={2021}
}

@phdthesis{arjovsky2020out,
  title={Out of distribution generalization in machine learning},
  author={Arjovsky, Martin},
  year={2020},
  school={New York University}
}

@article{shen2021towards,
  title={Towards Out-Of-Distribution Generalization: A Survey},
  author={Shen, Zheyan and Liu, Jiashuo and He, Yue and Zhang, Xingxuan and Xu, Renzhe and Yu, Han and Cui, Peng},
  journal={arXiv:2108.13624},
  year={2021}
}

@article{pearl2010causal,
  title={Causal inference},
  author={Pearl, Judea},
  journal={Causality: Objectives and Assessment},
  pages={39--58},
  year={2010},
  publisher={PMLR}
}

@book{peters2017elements,
  title={Elements of causal inference: foundations and learning algorithms},
  author={Peters, Jonas and Janzing, Dominik and Sch{\"o}lkopf, Bernhard},
  year={2017},
  publisher={The MIT Press}
}

@inproceedings{mitrovic2021representation,
    title={Representation Learning via Invariant Causal Mechanisms},
    author={Jovana Mitrovic and Brian McWilliams and Jacob C Walker and Lars Holger Buesing and Charles Blundell},
    booktitle={ICLR},
    year={2021}
}

@inproceedings{sun2021recovering,
  title={Recovering Latent Causal Factor for Generalization to Distributional Shifts},
  author={Xinwei Sun and Botong Wu and Xiangyu Zheng and Chang Liu and Wei Chen and Tao Qin and Tie-Yan Liu},
  booktitle={NeurIPS},
  year={2021}
}

@inproceedings{liu2021learning,
  title={Learning causal semantic representation for out-of-distribution prediction},
  author={Liu, Chang and Sun, Xinwei and Wang, Jindong and Tang, Haoyue and Li, Tao and Qin, Tao and Chen, Wei and Liu, Tie-Yan},
  booktitle={NeurIPS},
  year={2021}
}

@inproceedings{mouli2021asymmetry,
  title={Asymmetry Learning for Counterfactually-invariant Classification in OOD Tasks},
  author={Mouli, S Chandra and Ribeiro, Bruno},
  booktitle={ICLR},
  year={2021}
}

@article{michaelis2019benchmarking,
  title={Benchmarking robustness in object detection: Autonomous driving when winter is coming},
  author={Michaelis, Claudio and Mitzkus, Benjamin and Geirhos, Robert and Rusak, Evgenia and Bringmann, Oliver and Ecker, Alexander S and Bethge, Matthias and Brendel, Wieland},
  journal={arXiv:1907.07484},
  year={2019}
}

@article{ouyang2021causality,
  title={Causality-inspired Single-source Domain Generalization for Medical Image Segmentation},
  author={Ouyang, Cheng and Chen, Chen and Li, Surui and Li, Zeju and Qin, Chen and Bai, Wenjia and Rueckert, Daniel},
  journal={arXiv:2111.12525},
  year={2021}
}

@article{blanchard2017domain,
  title={Domain generalization by marginal transfer learning},
  author={Blanchard, Gilles and Deshmukh, Aniket Anand and Dogan, Urun and Lee, Gyemin and Scott, Clayton},
  journal={arXiv:1711.07910},
  year={2017}
}

@inproceedings{gan2016learning,
  title={Learning attributes equals multi-source domain generalization},
  author={Gan, Chuang and Yang, Tianbao and Gong, Boqing},
  booktitle={CVPR},
  year={2016}
}

@article{ghifary2016scatter,
  title={Scatter component analysis: A unified framework for domain adaptation and domain generalization},
  author={Ghifary, Muhammad and Balduzzi, David and Kleijn, W Bastiaan and Zhang, Mengjie},
  journal={IEEE transactions on pattern analysis and machine intelligence},
  volume={39},
  number={7},
  pages={1414--1430},
  year={2016},
  publisher={IEEE}
}

@article{albuquerque2019generalizing,
  title={Generalizing to unseen domains via distribution matching},
  author={Albuquerque, Isabela and Monteiro, Jo{\~a}o and Darvishi, Mohammad and Falk, Tiago H and Mitliagkas, Ioannis},
  journal={arXiv:1911.00804},
  year={2019}
}

@inproceedings{nguyen2021domain,
  title={Domain Invariant Representation Learning with Domain Density Transformations},
  author={A. Tuan Nguyen and Toan Tran and Yarin Gal and Atilim Gunes Baydin},
  booktitle={NeurIPS},
  year={2021}
}

@inproceedings{robey2021model,
  title={Model-based domain generalization},
  author={Robey, Alexander and Pappas, George and Hassani, Hamed},
  booktitle={NeurIPS},
  year={2021}
}

@inproceedings{qiao2020learning,
  title={Learning to learn single domain generalization},
  author={Qiao, Fengchun and Zhao, Long and Peng, Xi},
  booktitle={CVPR},
  year={2020}
}

@inproceedings{zhou2020learning,
  title={Learning to generate novel domains for domain generalization},
  author={Zhou, Kaiyang and Yang, Yongxin and Hospedales, Timothy and Xiang, Tao},
  booktitle={ECCV},
  year={2020}
}

@inproceedings{zhou2020domain,
  title={Domain Generalization with MixStyle},
  author={Zhou, Kaiyang and Yang, Yongxin and Qiao, Yu and Xiang, Tao},
  booktitle={ICLR},
  year={2020}
}

@inproceedings{li2021progressive,
  title={Progressive domain expansion network for single domain generalization},
  author={Li, Lei and Gao, Ke and Cao, Juan and Huang, Ziyao and Weng, Yepeng and Mi, Xiaoyue and Yu, Zhengze and Li, Xiaoya and Xia, Boyang},
  booktitle={CVPR},
  year={2021}
}

@inproceedings{li2021simple,
  title={A simple feature augmentation for domain generalization},
  author={Li, Pan and Li, Da and Li, Wei and Gong, Shaogang and Fu, Yanwei and Hospedales, Timothy M},
  booktitle={ICCV},
  year={2021}
}

@article{shankar2018generalizing,
  title={Generalizing across domains via cross-gradient training},
  author={Shankar, Shiv and Piratla, Vihari and Chakrabarti, Soumen and Chaudhuri, Siddhartha and Jyothi, Preethi and Sarawagi, Sunita},
  journal={arXiv:1804.10745},
  year={2018}
}

@article{peng2021out,
  title={Out-of-domain Generalization from a Single Source: A Uncertainty Quantification Approach},
  author={Peng, Xi and Qiao, Fengchun and Zhao, Long},
  journal={arXiv:2108.02888},
  year={2021}
}

@inproceedings{wang2021learning,
  title={Learning to diversify for single domain generalization},
  author={Wang, Zijian and Luo, Yadan and Qiu, Ruihong and Huang, Zi and Baktashmotlagh, Mahsa},
  booktitle={ICCV},
  year={2021}
}

@inproceedings{volpi2018generalizing,
  title={Generalizing to unseen domains via adversarial data augmentation},
  author={Volpi, Riccardo and Namkoong, Hongseok and Sener, Ozan and Duchi, John C and Murino, Vittorio and Savarese, Silvio},
  booktitle={NeurIPS},
  year={2018}
}

@inproceedings{dubey2021adaptive,
  title={Adaptive methods for real-world domain generalization},
  author={Dubey, Abhimanyu and Ramanathan, Vignesh and Pentland, Alex and Mahajan, Dhruv},
  booktitle={CVPR},
  year={2021}
}

@article{shi2021gradient,
  title={Gradient matching for domain generalization},
  author={Shi, Yuge and Seely, Jeffrey and Torr, Philip HS and Siddharth, N and Hannun, Awni and Usunier, Nicolas and Synnaeve, Gabriel},
  journal={arXiv:2104.09937},
  year={2021}
}

@article{rame2021fishr,
  title={Fishr: Invariant gradient variances for out-of-distribution generalization},
  author={Rame, Alexandre and Dancette, Corentin and Cord, Matthieu},
  journal={arXiv:2109.02934},
  year={2021}
}

@article{tian2022neuron,
  title={Neuron Coverage-Guided Domain Generalization},
  author={Tian, Chris Xing and Li, Haoliang and Xie, Xiaofei and Liu, Yang and Wang, Shiqi},
  journal={IEEE Transactions on Pattern Analysis and Machine Intelligence},
  year={2022},
  publisher={IEEE}
}

@inproceedings{jeon2021feature,
  title={Feature stylization and domain-aware contrastive learning for domain generalization},
  author={Jeon, Seogkyu and Hong, Kibeom and Lee, Pilhyeon and Lee, Jewook and Byun, Hyeran},
  booktitle={Proceedings of the 29th ACM International Conference on Multimedia},
  year={2021}
}

@inproceedings{kim2021selfreg,
  title={Selfreg: Self-supervised contrastive regularization for domain generalization},
  author={Kim, Daehee and Yoo, Youngjun and Park, Seunghyun and Kim, Jinkyu and Lee, Jaekoo},
  booktitle={ICCV},
  year={2021}
}

@inproceedings{huang2017arbitrary,
  title={Arbitrary style transfer in real-time with adaptive instance normalization},
  author={Huang, Xun and Belongie, Serge},
  booktitle={ICCV},
  year={2017}
}

@inproceedings{wiles2022a,
    title={A Fine-Grained Analysis on Distribution Shift},
    author={Olivia Wiles and Sven Gowal and Florian Stimberg and Sylvestre-Alvise Rebuffi and Ira Ktena and Krishnamurthy Dj Dvijotham and Ali Taylan Cemgil},
    booktitle={ICLR},
    year={2022}
}

@article{sicilia2021domain,
  title={Domain adversarial neural networks for domain generalization: When it works and how to improve},
  author={Sicilia, Anthony and Zhao, Xingchen and Hwang, Seong Jae},
  journal={arXiv preprint arXiv:2102.03924},
  year={2021}
}

@inproceedings{li2018deep,
  title={Deep domain generalization via conditional invariant adversarial networks},
  author={Li, Ya and Tian, Xinmei and Gong, Mingming and Liu, Yajing and Liu, Tongliang and Zhang, Kun and Tao, Dacheng},
  booktitle={ECCV},
  pages={624--639},
  year={2018}
}

@inproceedings{xu2014exploiting,
  title={Exploiting low-rank structure from latent domains for domain generalization},
  author={Xu, Zheng and Li, Wen and Niu, Li and Xu, Dong},
  booktitle={ECCV},
  pages={628--643},
  year={2014},
  organization={Springer}
}

@inproceedings{matsuura2020domain,
  title={Domain generalization using a mixture of multiple latent domains},
  author={Matsuura, Toshihiko and Harada, Tatsuya},
  booktitle={Proceedings of the AAAI Conference on Artificial Intelligence},
  year={2020}
}

@inproceedings{ghifary2015domain,
  title={Domain generalization for object recognition with multi-task autoencoders},
  author={Ghifary, Muhammad and Kleijn, W Bastiaan and Zhang, Mengjie and Balduzzi, David},
  booktitle={Proceedings of the IEEE international conference on computer vision},
  pages={2551--2559},
  year={2015}
}

@inproceedings{zhu2022localized,
  title={Localized Adversarial Domain Generalization},
  author={Zhu, Wei and Lu, Le and Xiao, Jing and Han, Mei and Luo, Jiebo and Harrison, Adam P},
  booktitle={CVPR},
  pages={7108--7118},
  year={2022}
}

@article{long2018conditional,
  title={Conditional adversarial domain adaptation},
  author={Long, Mingsheng and Cao, Zhangjie and Wang, Jianmin and Jordan, Michael I},
  journal={NeurIPS},
  volume={31},
  year={2018}
}

@inproceedings{zhang2022delving,
  title={Delving deep into the generalization of vision transformers under distribution shifts},
  author={Zhang, Chongzhi and Zhang, Mingyuan and Zhang, Shanghang and Jin, Daisheng and Zhou, Qiang and Cai, Zhongang and Zhao, Haiyu and Liu, Xianglong and Liu, Ziwei},
  booktitle={CVPR},
  pages={7277--7286},
  year={2022}
}

@article{asadi2019towards,
  title={Towards shape biased unsupervised representation learning for domain generalization},
  author={Asadi, Nader and Sarfi, Amir M and Hosseinzadeh, Mehrdad and Karimpour, Zahra and Eftekhari, Mahdi},
  journal={arXiv preprint arXiv:1909.08245},
  year={2019}
}

@inproceedings{wang2022out,
  title={Out-of-distribution Generalization with Causal Invariant Transformations},
  author={Wang, Ruoyu and Yi, Mingyang and Chen, Zhitang and Zhu, Shengyu},
  booktitle={CVPR},
  pages={375--385},
  year={2022}
}

@inproceedings{rahman2019multi,
  title={Multi-component image translation for deep domain generalization},
  author={Rahman, Mohammad Mahfujur and Fookes, Clinton and Baktashmotlagh, Mahsa and Sridharan, Sridha},
  booktitle={2019 IEEE Winter Conference on Applications of Computer Vision (WACV)},
  pages={579--588},
  year={2019},
  organization={IEEE}
}

@inproceedings{zhang2022exact,
  title={Exact feature distribution matching for arbitrary style transfer and domain generalization},
  author={Zhang, Yabin and Li, Minghan and Li, Ruihuang and Jia, Kui and Zhang, Lei},
  booktitle={CVPR},
  pages={8035--8045},
  year={2022}
}

@article{shahtalebi2021sand,
  title={Sand-mask: An enhanced gradient masking strategy for the discovery of invariances in domain generalization},
  author={Shahtalebi, Soroosh and Gagnon-Audet, Jean-Christophe and Laleh, Touraj and Faramarzi, Mojtaba and Ahuja, Kartik and Rish, Irina},
  journal={arXiv preprint arXiv:2106.02266},
  year={2021}
}

@inproceedings{mansilla2021domain,
  title={Domain generalization via gradient surgery},
  author={Mansilla, Lucas and Echeveste, Rodrigo and Milone, Diego H and Ferrante, Enzo},
  booktitle={ICCV},
  pages={6630--6638},
  year={2021}
}

@inproceedings{lin2022bayesian,
  title={Bayesian Invariant Risk Minimization},
  author={Lin, Yong and Dong, Hanze and Wang, Hao and Zhang, Tong},
  booktitle={CVPR},
  pages={16021--16030},
  year={2022}
}

@article{jin2020domain,
  title={Domain extrapolation via regret minimization},
  author={Jin, Wengong and Barzilay, Regina and Jaakkola, Tommi},
  journal={arXiv preprint arXiv:2006.03908},
  year={2020}
}

@article{somavarapu2020frustratingly,
  title={Frustratingly simple domain generalization via image stylization},
  author={Somavarapu, Nathan and Ma, Chih-Yao and Kira, Zsolt},
  journal={arXiv preprint arXiv:2006.11207},
  year={2020}
}

@inproceedings{zhou2021domain,
  title={Domain Generalization with MixStyle},
  author={Zhou, Kaiyang and Yang, Yongxin and Qiao, Yu and Xiang, Tao},
  booktitle={ICLR},
  year={2021}
}

@inproceedings{kang2022style,
  title={Style Neophile: Constantly Seeking Novel Styles for Domain Generalization},
  author={Kang, Juwon and Lee, Sohyun and Kim, Namyup and Kwak, Suha},
  booktitle={CVPR},
  pages={7130--7140},
  year={2022}
}

@inproceedings{yao2022pcl,
  title={PCL: Proxy-based Contrastive Learning for Domain Generalization},
  author={Yao, Xufeng and Bai, Yang and Zhang, Xinyun and Zhang, Yuechen and Sun, Qi and Chen, Ran and Li, Ruiyu and Yu, Bei},
  booktitle={CVPR},
  pages={7097--7107},
  year={2022}
}

@article{zhang2022correct,
  title={Correct-N-Contrast: A Contrastive Approach for Improving Robustness to Spurious Correlations},
  author={Zhang, Michael and Sohoni, Nimit S and Zhang, Hongyang R and Finn, Chelsea and R{\'e}, Christopher},
  journal={arXiv preprint arXiv:2203.01517},
  year={2022}
}

@inproceedings{chen2021style,
  title={A style and semantic memory mechanism for domain generalization},
  author={Chen, Yang and Wang, Yu and Pan, Yingwei and Yao, Ting and Tian, Xinmei and Mei, Tao},
  booktitle={ICCV},
  pages={9164--9173},
  year={2021}
}

@inproceedings{cubuk2019autoaugment,
  title={Autoaugment: Learning augmentation strategies from data},
  author={Cubuk, Ekin D and Zoph, Barret and Mane, Dandelion and Vasudevan, Vijay and Le, Quoc V},
  booktitle={CVPR},
  pages={113--123},
  year={2019}
}

@article{lim2019fast,
  title={Fast autoaugment},
  author={Lim, Sungbin and Kim, Ildoo and Kim, Taesup and Kim, Chiheon and Kim, Sungwoong},
  journal={NeurIPS},
  volume={32},
  year={2019}
}

@article{bousmalis2016domain,
  title={Domain separation networks},
  author={Bousmalis, Konstantinos and Trigeorgis, George and Silberman, Nathan and Krishnan, Dilip and Erhan, Dumitru},
  journal={NeurIPS},
  volume={29},
  year={2016}
}

@inproceedings{mahajan2021domain,
  title={Domain generalization using causal matching},
  author={Mahajan, Divyat and Tople, Shruti and Sharma, Amit},
  booktitle={ICML},
  pages={7313--7324},
  year={2021},
  organization={PMLR}
}


@inproceedings{harary2022unsupervised,
  title={Unsupervised Domain Generalization by Learning a Bridge Across Domains},
  author={Harary, Sivan and Schwartz, Eli and Arbelle, Assaf and Staar, Peter and Abu-Hussein, Shady and Amrani, Elad and Herzig, Roei and Alfassy, Amit and Giryes, Raja and Kuehne, Hilde and others},
  booktitle={CVPR},
  pages={5280--5290},
  year={2022}
}

@inproceedings{zhang2022towards,
  title={Towards Unsupervised Domain Generalization},
  author={Zhang, Xingxuan and Zhou, Linjun and Xu, Renzhe and Cui, Peng and Shen, Zheyan and Liu, Haoxin},
  booktitle={CVPR},
  pages={4910--4920},
  year={2022}
}


@article{namkoong2016stochastic,
  title={Stochastic gradient methods for distributionally robust optimization with f-divergences},
  author={Namkoong, Hongseok and Duchi, John C},
  journal={NeurIPS},
  volume={29},
  year={2016}
}

@inproceedings{srivastava2020robustness,
  title={Robustness to spurious correlations via human annotations},
  author={Srivastava, Megha and Hashimoto, Tatsunori and Liang, Percy},
  booktitle={ICML},
  pages={9109--9119},
  year={2020},
  organization={PMLR}
}

@inproceedings{shah2020pitfalls,
  title={The pitfalls of simplicity bias in neural networks},
  author={Shah, Harshay and Tamuly, Kaustav and Raghunathan, Aditi and Jain, Prateek and Netrapalli, Praneeth},
  booktitle={NeurIPS},
  volume={33},
  pages={9573--9585},
  year={2020}
}

@article{valle2018deep,
  title={Deep learning generalizes because the parameter-function map is biased towards simple functions},
  author={Valle-Perez, Guillermo and Camargo, Chico Q and Louis, Ard A},
  journal={arXiv preprint arXiv:1805.08522},
  year={2018}
}

@inproceedings{arpit2017closer,
  title={A closer look at memorization in deep networks},
  author={Arpit, Devansh and Jastrz{\k{e}}bski, Stanis{\l}aw and Ballas, Nicolas and Krueger, David and Bengio, Emmanuel and Kanwal, Maxinder S and Maharaj, Tegan and Fischer, Asja and Courville, Aaron and Bengio, Yoshua and others},
  booktitle={ICML},
  pages={233--242},
  year={2017},
  organization={PMLR}
}

@inproceedings{huang2022two,
  author    = {Huang, Zeyi and Wang, Haohan and Huang, Dong and Lee, Yong Jae and Xing, Eric P.},
    title     = {The Two Dimensions of Worst-Case Training and Their Integrated Effect for Out-of-Domain Generalization},
    booktitle = {CVPR},
    year      = {2022},
    pages     = {9631-9641}
}

@inproceedings{teney2022evading,
  title={Evading the simplicity bias: Training a diverse set of models discovers solutions with superior ood generalization},
  author={Teney, Damien and Abbasnejad, Ehsan and Lucey, Simon and van den Hengel, Anton},
  booktitle={CVPR},
  pages={16761--16772},
  year={2022}
}

@inproceedings{zhang2022towards2,
  title={Towards principled disentanglement for domain generalization},
  author={Zhang, Hanlin and Zhang, Yi-Fan and Liu, Weiyang and Weller, Adrian and Sch{\"o}lkopf, Bernhard and Xing, Eric P},
  booktitle={CVPR},
  pages={8024--8034},
  year={2022}
}

@article{xie2020risk,
  title={Risk variance penalization},
  author={Xie, Chuanlong and Ye, Haotian and Chen, Fei and Liu, Yue and Sun, Rui and Li, Zhenguo},
  journal={arXiv preprint arXiv:2006.07544},
  year={2020}
}

@inproceedings{chang2020invariant,
  title={Invariant rationalization},
  author={Chang, Shiyu and Zhang, Yang and Yu, Mo and Jaakkola, Tommi},
  booktitle={ICML},
  pages={1448--1458},
  year={2020},
  organization={PMLR}
}

@inproceedings{ahmed2020systematic,
  title={Systematic generalisation with group invariant predictions},
  author={Ahmed, Faruk and Bengio, Yoshua and van Seijen, Harm and Courville, Aaron},
  booktitle={ICLR},
  year={2020}
}

@inproceedings{creager2021environment,
  title={Environment inference for invariant learning},
  author={Creager, Elliot and Jacobsen, J{\"o}rn-Henrik and Zemel, Richard},
  booktitle={ICML},
  pages={2189--2200},
  year={2021},
  organization={PMLR}
}

@inproceedings{ye2021adversarial,
  title={Adversarial invariant learning},
  author={Ye, Nanyang and Tang, Jingxuan and Deng, Huayu and Zhou, Xiao-Yun and Li, Qianxiao and Li, Zhenguo and Yang, Guang-Zhong and Zhu, Zhanxing},
  booktitle={2021 IEEE/CVF Conference on Computer Vision and Pattern Recognition (CVPR)},
  pages={12441--12449},
  year={2021},
  organization={IEEE}
}

@inproceedings{lv2022causality,
  title={Causality Inspired Representation Learning for Domain Generalization},
  author={Lv, Fangrui and Liang, Jian and Li, Shuang and Zang, Bin and Liu, Chi Harold and Wang, Ziteng and Liu, Di},
  booktitle={CVPR},
  pages={8046--8056},
  year={2022}
}

@article{nam2020learning,
  title={Learning from failure: De-biasing classifier from biased classifier},
  author={Nam, Junhyun and Cha, Hyuntak and Ahn, Sungsoo and Lee, Jaeho and Shin, Jinwoo},
  journal={NeurIPS},
  volume={33},
  pages={20673--20684},
  year={2020}
}

@article{li2022discover,
  title={Discover and Mitigate Unknown Biases with Debiasing Alternate Networks},
  author={Li, Zhiheng and Hoogs, Anthony and Xu, Chenliang},
  journal={arXiv preprint arXiv:2207.10077},
  year={2022}
}

@inproceedings{zhao2019learning,
  title={On learning invariant representations for domain adaptation},
  author={Zhao, Han and Des Combes, Remi Tachet and Zhang, Kun and Gordon, Geoffrey},
  booktitle={ICML},
  pages={7523--7532},
  year={2019},
  organization={PMLR}
}

@article{farahani2021brief,
  title={A brief review of domain adaptation},
  author={Farahani, Abolfazl and Voghoei, Sahar and Rasheed, Khaled and Arabnia, Hamid R},
  journal={Advances in data science and information engineering},
  pages={877--894},
  year={2021},
  publisher={Springer}
}

@inproceedings{kamath2021does,
  title={Does invariant risk minimization capture invariance?},
  author={Kamath, Pritish and Tangella, Akilesh and Sutherland, Danica and Srebro, Nathan},
  booktitle={International Conference on Artificial Intelligence and Statistics},
  pages={4069--4077},
  year={2021},
  organization={PMLR}
}

@inproceedings{di2022goal,
  title={Goal Misgeneralization in Deep Reinforcement Learning},
  author={Di Langosco, Lauro Langosco and Koch, Jack and Sharkey, Lee D and Pfau, Jacob and Krueger, David},
  booktitle={ICML},
  pages={12004--12019},
  year={2022},
  organization={PMLR}
}

@article{szegedy2013intriguing,
  title={Intriguing properties of neural networks},
  author={Szegedy, Christian and Zaremba, Wojciech and Sutskever, Ilya and Bruna, Joan and Erhan, Dumitru and Goodfellow, Ian and Fergus, Rob},
  journal={arXiv preprint arXiv:1312.6199},
  year={2013}
}

@article{mazumder2022dataperf,
  title={DataPerf: Benchmarks for Data-Centric AI Development},
  author={Mazumder, Mark and Banbury, Colby and Yao, Xiaozhe and Karla{\v{s}}, Bojan and Rojas, William Gaviria and Diamos, Sudnya and Diamos, Greg and He, Lynn and Kiela, Douwe and Jurado, David and others},
  journal={arXiv preprint arXiv:2207.10062},
  year={2022}
}

@article{sun2020latent,
  title={Latent causal invariant model},
  author={Sun, Xinwei and Wu, Botong and Zheng, Xiangyu and Liu, Chang and Chen, Wei and Qin, Tao and Liu, Tie-yan},
  journal={arXiv preprint arXiv:2011.02203},
  year={2020}
}

@inproceedings{northcutt2021pervasive,
  title={Pervasive Label Errors in Test Sets Destabilize Machine Learning Benchmarks},
  author={Northcutt, Curtis G and Athalye, Anish and Mueller, Jonas},
  booktitle={Thirty-fifth Conference on Neural Information Processing Systems Datasets and Benchmarks Track (Round 1)},
  year={2021}
}

@article{khosla2020supervised,
  title={Supervised contrastive learning},
  author={Khosla, Prannay and Teterwak, Piotr and Wang, Chen and Sarna, Aaron and Tian, Yonglong and Isola, Phillip and Maschinot, Aaron and Liu, Ce and Krishnan, Dilip},
  journal={NeurIPS},
  volume={33},
  pages={18661--18673},
  year={2020}
}

@article{naseer2021intriguing,
  title={Intriguing properties of vision transformers},
  author={Naseer, Muhammad Muzammal and Ranasinghe, Kanchana and Khan, Salman H and Hayat, Munawar and Shahbaz Khan, Fahad and Yang, Ming-Hsuan},
  journal={NeurIPS},
  volume={34},
  pages={23296--23308},
  year={2021}
}

@inproceedings{yun2021re,
  title={Re-labeling imagenet: from single to multi-labels, from global to localized labels},
  author={Yun, Sangdoo and Oh, Seong Joon and Heo, Byeongho and Han, Dongyoon and Choe, Junsuk and Chun, Sanghyuk},
  booktitle={CVPR},
  pages={2340--2350},
  year={2021}
}

@inproceedings{selvaraju2017grad,
  title={Grad-cam: Visual explanations from deep networks via gradient-based localization},
  author={Selvaraju, Ramprasaath R and Cogswell, Michael and Das, Abhishek and Vedantam, Ramakrishna and Parikh, Devi and Batra, Dhruv},
  booktitle={Proceedings of the IEEE international conference on computer vision},
  pages={618--626},
  year={2017}
}

@article{ren2015faster,
  title={Faster r-cnn: Towards real-time object detection with region proposal networks},
  author={Ren, Shaoqing and He, Kaiming and Girshick, Ross and Sun, Jian},
  journal={NeurIPS},
  volume={28},
  year={2015}
}

@inproceedings{redmon2016you,
  title={You only look once: Unified, real-time object detection},
  author={Redmon, Joseph and Divvala, Santosh and Girshick, Ross and Farhadi, Ali},
  booktitle={CVPR},
  pages={779--788},
  year={2016}
}

@article{moayeri2022hard,
  title={Hard imagenet: Segmentations for objects with strong spurious cues},
  author={Moayeri, Mazda and Singla, Sahil and Feizi, Soheil},
  journal={NeurIPS},
  volume={35},
  pages={10068--10077},
  year={2022}
}

@article{ahuja2021invariance,
  title={Invariance principle meets information bottleneck for out-of-distribution generalization},
  author={Ahuja, Kartik and Caballero, Ethan and Zhang, Dinghuai and Gagnon-Audet, Jean-Christophe and Bengio, Yoshua and Mitliagkas, Ioannis and Rish, Irina},
  journal={NeurIPS},
  volume={34},
  pages={3438--3450},
  year={2021}
}

@article{couairon2022diffedit,
  title={Diffedit: Diffusion-based semantic image editing with mask guidance},
  author={Couairon, Guillaume and Verbeek, Jakob and Schwenk, Holger and Cord, Matthieu},
  journal={arXiv preprint arXiv:2210.11427},
  year={2022}
}


@inproceedings{yang2024mastering,
  title={Mastering text-to-image diffusion: Recaptioning, planning, and generating with multimodal llms},
  author={Yang, Ling and Yu, Zhaochen and Meng, Chenlin and Xu, Minkai and Ermon, Stefano and Cui, Bin},
  booktitle={Forty-first International Conference on Machine Learning},
  year={2024}
}

@inproceedings{feng2024ranni,
  title={Ranni: Taming text-to-image diffusion for accurate instruction following},
  author={Feng, Yutong and Gong, Biao and Chen, Di and Shen, Yujun and Liu, Yu and Zhou, Jingren},
  booktitle={Proceedings of the IEEE/CVF Conference on Computer Vision and Pattern Recognition},
  pages={4744--4753},
  year={2024}
}


@inproceedings{zhang2023adding,
  title={Adding Conditional Control to Text-to-Image Diffusion Models},
  author={Zhang, Lvmin and Rao, Anyi and Agrawala, Maneesh},
  booktitle={2023 IEEE/CVF International Conference on Computer Vision (ICCV)},
  pages={3813--3824},
  year={2023},
  organization={IEEE Computer Society}
}


@article{mokady2022null,
  title={Null-text Inversion for Editing Real Images using Guided Diffusion Models},
  author={Mokady, Ron and Hertz, Amir and Aberman, Kfir and Pritch, Yael and Cohen-Or, Daniel},
  journal={arXiv preprint arXiv:2211.09794},
  year={2022}
}

@inproceedings{rombach2022high,
  title={High-resolution image synthesis with latent diffusion models},
  author={Rombach, Robin and Blattmann, Andreas and Lorenz, Dominik and Esser, Patrick and Ommer, Bj{\"o}rn},
  booktitle={CVPR},
  pages={10684--10695},
  year={2022}
}

@misc{openai2023gpt4v,
  author       = {{OpenAI}},
  title        = {{GPT-4V(ision) System Card}},
  year         = {2023},
  howpublished = {\url{https://openai.com/index/gpt-4v-system-card/}}
}

@inproceedings{ramesh2021zero,
  title={Zero-shot text-to-image generation},
  author={Ramesh, Aditya and Pavlov, Mikhail and Goh, Gabriel and Gray, Scott and Voss, Chelsea and Radford, Alec and Chen, Mark and Sutskever, Ilya},
  booktitle={International conference on machine learning},
  pages={8821--8831},
  year={2021},
  organization={Pmlr}
}

@inproceedings{long2015fully,
  title={Fully convolutional networks for semantic segmentation},
  author={Long, Jonathan and Shelhamer, Evan and Darrell, Trevor},
  booktitle={CVPR},
  pages={3431--3440},
  year={2015}
}

@article{ali2022assessing,
  title={Assessing generalisability of deep learning-based polyp detection and segmentation methods through a computer vision challenge},
  author={Ali, Sharib and Ghatwary, Noha and Jha, Debesh and Isik-Polat, Ece and Polat, Gorkem and Yang, Chen and Li, Wuyang and Galdran, Adrian and Ballester, Miguel-{\'A}ngel Gonz{\'a}lez and Thambawita, Vajira and others},
  journal={arXiv preprint arXiv:2202.12031},
  year={2022}
}

@InProceedings{unpaired2017zhu,
    author = {Zhu, Jun-Yan and Park, Taesung and Isola, Phillip and Efros, Alexei A.},
    title = {Unpaired Image-To-Image Translation Using Cycle-Consistent Adversarial Networks},
    booktitle = {Proceedings of the IEEE International Conference on Computer Vision (ICCV)},
    month = {Oct},
    year = {2017}
}

@inproceedings{huang2018multimodal,
  title={Multimodal unsupervised image-to-image translation},
  author={Huang, Xun and Liu, Ming-Yu and Belongie, Serge and Kautz, Jan},
  booktitle={ECCV},
  pages={172--189},
  year={2018}
}

@article{zhang2017mixup,
  title={mixup: Beyond empirical risk minimization},
  author={Zhang, Hongyi and Cisse, Moustapha and Dauphin, Yann N and Lopez-Paz, David},
  journal={arXiv preprint arXiv:1710.09412},
  year={2017}
}

@incollection{mccloskey1989catastrophic,
  title={Catastrophic interference in connectionist networks: The sequential learning problem},
  author={McCloskey, Michael and Cohen, Neal J},
  booktitle={Psychology of learning and motivation},
  volume={24},
  pages={109--165},
  year={1989},
  publisher={Elsevier}
}

@inproceedings{zenke2017continual,
  title={Continual learning through synaptic intelligence},
  author={Zenke, Friedemann and Poole, Ben and Ganguli, Surya},
  booktitle={ICML},
  pages={3987--3995},
  year={2017},
  organization={PMLR}
}

@article{kirkpatrick2017overcoming,
  title={Overcoming catastrophic forgetting in neural networks},
  author={Kirkpatrick, James and Pascanu, Razvan and Rabinowitz, Neil and Veness, Joel and Desjardins, Guillaume and Rusu, Andrei A and Milan, Kieran and Quan, John and Ramalho, Tiago and Grabska-Barwinska, Agnieszka and others},
  journal={Proceedings of the national academy of sciences},
  volume={114},
  number={13},
  pages={3521--3526},
  year={2017},
  publisher={National Acad Sciences}
}

@article{andreassen2021evolution,
  title={The evolution of out-of-distribution robustness throughout fine-tuning},
  author={Andreassen, Anders and Bahri, Yasaman and Neyshabur, Behnam and Roelofs, Rebecca},
  journal={arXiv preprint arXiv:2106.15831},
  year={2021}
}

@inproceedings{cubuk2020randaugment,
  title={RandAugment: Practical automated data augmentation with a reduced search space},
  author={Cubuk, Ekin D and Zoph, Barret and Shlens, Jonathon and Le, Quoc V},
  booktitle={CVPR workshops},
  pages={702--703},
  year={2020}
}

@article{hendrycks2019augmix,
  title={Augmix: A simple data processing method to improve robustness and uncertainty},
  author={Hendrycks, Dan and Mu, Norman and Cubuk, Ekin D and Zoph, Barret and Gilmer, Justin and Lakshminarayanan, Balaji},
  journal={arXiv preprint arXiv:1912.02781},
  year={2019}
}

@inproceedings{gao2023out,
  title={Out-of-Domain Robustness via Targeted Augmentations},
  author={Gao, Irena and Sagawa, Shiori and Koh, Pang Wei and Hashimoto, Tatsunori and Liang, Percy},
  booktitle={ICML},
  year={2023}
}

@article{bachman2014learning,
  title={Learning with pseudo-ensembles},
  author={Bachman, Philip and Alsharif, Ouais and Precup, Doina},
  journal={NeurIPS},
  volume={27},
  year={2014}
}

@inproceedings{zhang2020consistency,
    title={Consistency Regularization for Generative Adversarial Networks},
    author={Han Zhang and Zizhao Zhang and Augustus Odena and Honglak Lee},
    booktitle={ICLR},
    year={2020}
}

@inproceedings{yun2019cutmix,
  title={Cutmix: Regularization strategy to train strong classifiers with localizable features},
  author={Yun, Sangdoo and Han, Dongyoon and Oh, Seong Joon and Chun, Sanghyuk and Choe, Junsuk and Yoo, Youngjoon},
  booktitle={ICCV},
  pages={6023--6032},
  year={2019}
}

@article{beery2021iwildcam,
  title={The iwildcam 2021 competition dataset},
  author={Beery, Sara and Agarwal, Arushi and Cole, Elijah and Birodkar, Vighnesh},
  journal={arXiv preprint arXiv:2105.03494},
  year={2021}
}

@inproceedings{birodkar2021surprising,
  title={The surprising impact of mask-head architecture on novel class segmentation},
  author={Birodkar, Vighnesh and Lu, Zhichao and Li, Siyang and Rathod, Vivek and Huang, Jonathan},
  booktitle={ICCV},
  pages={7015--7025},
  year={2021}
}

@inproceedings{cha2022domain,
  title={Domain generalization by mutual-information regularization with pre-trained models},
  author={Cha, Junbum and Lee, Kyungjae and Park, Sungrae and Chun, Sanghyuk},
  booktitle={ECCV},
  pages={440--457},
  year={2022},
  organization={Springer}
}

@inproceedings{ye2022ood,
  title={Ood-bench: Quantifying and understanding two dimensions of out-of-distribution generalization},
  author={Ye, Nanyang and Li, Kaican and Bai, Haoyue and Yu, Runpeng and Hong, Lanqing and Zhou, Fengwei and Li, Zhenguo and Zhu, Jun},
  booktitle={CVPR},
  pages={7947--7958},
  year={2022}
}

@article{zhang2023causal,
  title={A Causal Framework to Unify Common Domain Generalization Approaches},
  author={Zhang, Nevin L. and Li, Kaican and Gao, Han and Xie, Weiyan and Lin, Zhi and Li, Zhenguo and Wang, Luning and Huang, Yongxiang},
  journal={arXiv preprint arXiv:2307.06825},
  year={2023}
}

@inproceedings{miller2021accuracy,
  title={Accuracy on the line: on the strong correlation between out-of-distribution and in-distribution generalization},
  author={Miller, John P and Taori, Rohan and Raghunathan, Aditi and Sagawa, Shiori and Koh, Pang Wei and Shankar, Vaishaal and Liang, Percy and Carmon, Yair and Schmidt, Ludwig},
  booktitle={International conference on machine learning},
  pages={7721--7735},
  year={2021},
  organization={PMLR}
}

@inproceedings{gao2024consistency,
  title={Consistency Regularization for Domain Generalization with Logit Attribution Matching},
  author={Gao, Han and Li, Kaican and Xie, Weiyan and Zhi, Lin and Huang, Yongxiang and Wang, Luning and Cao, Caleb Chen and Zhang, Nevin L.},
  booktitle={UAI},
  year={2024}
}

@inproceedings{furlanello2018born,
  title={Born again neural networks},
  author={Furlanello, Tommaso and Lipton, Zachary and Tschannen, Michael and Itti, Laurent and Anandkumar, Anima},
  booktitle={ICML},
  pages={1607--1616},
  year={2018},
  organization={PMLR}
}

@inproceedings{yang2019snapshot,
  title={Snapshot distillation: Teacher-student optimization in one generation},
  author={Yang, Chenglin and Xie, Lingxi and Su, Chi and Yuille, Alan L},
  booktitle={CVPR},
  pages={2859--2868},
  year={2019}
}

@inproceedings{zhang2019your,
  title={Be your own teacher: Improve the performance of convolutional neural networks via self distillation},
  author={Zhang, Linfeng and Song, Jiebo and Gao, Anni and Chen, Jingwei and Bao, Chenglong and Ma, Kaisheng},
  booktitle={ICCV},
  pages={3713--3722},
  year={2019}
}

@inproceedings{ji2021refine,
  title={Refine myself by teaching myself: Feature refinement via self-knowledge distillation},
  author={Ji, Mingi and Shin, Seungjae and Hwang, Seunghyun and Park, Gibeom and Moon, Il-Chul},
  booktitle={CVPR},
  pages={10664--10673},
  year={2021}
}

@article{zhang2021self,
  title={Self-distillation: Towards efficient and compact neural networks},
  author={Zhang, Linfeng and Bao, Chenglong and Ma, Kaisheng},
  journal={TPAMI},
  volume={44},
  number={8},
  pages={4388--4403},
  year={2021},
  publisher={IEEE}
}



@inproceedings{hendrycks2020augmix,
  title={{AugMix}: A Simple Data Processing Method to Improve Robustness and Uncertainty},
  author={Hendrycks, Dan and Mu, Norman and Cubuk, Ekin D. and Zoph, Barret and Gilmer, Justin and Lakshminarayanan, Balaji},
  booktitle={ICLR},
  year={2020}
}

@inproceedings{huang2017densely,
  title={Densely connected convolutional networks},
  author={Huang, Gao and Liu, Zhuang and Van Der Maaten, Laurens and Weinberger, Kilian Q},
  booktitle={CVPR},
  pages={4700--4708},
  year={2017}
}

@inproceedings{brooks2023instructpix2pix,
  title={Instructpix2pix: Learning to follow image editing instructions},
  author={Brooks, Tim and Holynski, Aleksander and Efros, Alexei A},
  booktitle={Proceedings of the IEEE/CVF conference on computer vision and pattern recognition},
  pages={18392--18402},
  year={2023}
}

@article{canny1986computational,
  title={A computational approach to edge detection.},
  author={Canny, J},
  journal={IEEE Transactions on Pattern Analysis and Machine Intelligence},
  volume={8},
  number={6},
  pages={679--698},
  year={1986}
}





@misc{xlabsai2025fluxcontrolnet,
  author = {{XLabs AI}},
  title = {Flux ControlNet Collections},
  howpublished = {\url{https://huggingface.co/XLabs-AI/flux-controlnet-collections}},
  year = {2024}
}


@inproceedings{ronneberger2015u,
  title={U-net: Convolutional networks for biomedical image segmentation},
  author={Ronneberger, Olaf and Fischer, Philipp and Brox, Thomas},
  booktitle={Medical image computing and computer-assisted intervention--MICCAI 2015: 18th international conference, Munich, Germany, October 5-9, 2015, proceedings, part III 18},
  pages={234--241},
  year={2015},
  organization={Springer}
}

@inproceedings{peebles2023scalable,
  title={Scalable diffusion models with transformers},
  author={Peebles, William and Xie, Saining},
  booktitle={Proceedings of the IEEE/CVF international conference on computer vision},
  pages={4195--4205},
  year={2023}
}


  title={Emerging properties in self-supervised vision transformers},
  author={Caron, Mathilde and Touvron, Hugo and Misra, Ishan and J{\'e}gou, Herv{\'e} and Mairal, Julien and Bojanowski, Piotr and Joulin, Armand},
  booktitle={Proceedings of the IEEE/CVF international conference on computer vision},
  pages={9650--9660},
  year={2021}
}

@article{ho2022classifier,
  title={Classifier-free diffusion guidance},
  author={Ho, Jonathan and Salimans, Tim},
  journal={arXiv preprint arXiv:2207.12598},
  year={2022}
}

@inproceedings{liu2024grounding,
  title={Grounding dino: Marrying dino with grounded pre-training for open-set object detection},
  author={Liu, Shilong and Zeng, Zhaoyang and Ren, Tianhe and Li, Feng and Zhang, Hao and Yang, Jie and Jiang, Qing and Li, Chunyuan and Yang, Jianwei and Su, Hang and others},
  booktitle={European Conference on Computer Vision},
  pages={38--55},
  year={2024},
  organization={Springer}
}



  title={High-resolution image synthesis with latent diffusion models},
  author={Rombach, Robin and Blattmann, Andreas and Lorenz, Dominik and Esser, Patrick and Ommer, Bj{\"o}rn},
  booktitle={Proceedings of the IEEE/CVF conference on computer vision and pattern recognition},
  pages={10684--10695},
  year={2022}
}

@inproceedings{esser2024scaling,
  title={Scaling rectified flow transformers for high-resolution image synthesis},
  author={Esser, Patrick and Kulal, Sumith and Blattmann, Andreas and Entezari, Rahim and M{\"u}ller, Jonas and Saini, Harry and Levi, Yam and Lorenz, Dominik and Sauer, Axel and Boesel, Frederic and others},
  booktitle={Forty-first international conference on machine learning},
  year={2024}
}


@article{chen2024region,
  title={Region-aware text-to-image generation via hard binding and soft refinement},
  author={Chen, Zhennan and Li, Yajie and Wang, Haofan and Chen, Zhibo and Jiang, Zhengkai and Li, Jun and Wang, Qian and Yang, Jian and Tai, Ying},
  journal={arXiv preprint arXiv:2411.06558},
  year={2024}
}

@article{zhang2024creatilayout,
  title={Creatilayout: Siamese multimodal diffusion transformer for creative layout-to-image generation},
  author={Zhang, Hui and Hong, Dexiang and Wang, Yitong and Shao, Jie and Wu, Xinglong and Wu, Zuxuan and Jiang, Yu-Gang},
  journal={arXiv preprint arXiv:2412.03859},
  year={2024}
}


@article{ma2024hico,
  title={Hico: Hierarchical controllable diffusion model for layout-to-image generation},
  author={Ma, Yuhang and Liu, Shanyuan and Ma, Ao and Wu, Xiaoyu and Leng, Dawei and Yin, Yuhui},
  journal={Advances in Neural Information Processing Systems},
  volume={37},
  pages={128886--128910},
  year={2024}
}

@inproceedings{wu2024self,
  title={Self-correcting llm-controlled diffusion models},
  author={Wu, Tsung-Han and Lian, Long and Gonzalez, Joseph E and Li, Boyi and Darrell, Trevor},
  booktitle={Proceedings of the IEEE/CVF Conference on Computer Vision and Pattern Recognition},
  pages={6327--6336},
  year={2024}
}






@article{chen2024training,
  title={Training-free regional prompting for diffusion transformers},
  author={Chen, Anthony and Xu, Jianjin and Zheng, Wenzhao and Dai, Gaole and Wang, Yida and Zhang, Renrui and Wang, Haofan and Zhang, Shanghang},
  journal={arXiv preprint arXiv:2411.02395},
  year={2024}
}

@article{deng2024fireflow,
  title={FireFlow: Fast Inversion of Rectified Flow for Image Semantic Editing},
  author={Deng, Yingying and He, Xiangyu and Mei, Changwang and Wang, Peisong and Tang, Fan},
  journal={arXiv preprint arXiv:2412.07517},
  year={2024}
}

@misc{medeiros2024langsegmentanything,
  author       = {Luca Medeiros},
  title        = {Language Segment-Anything: SAM with text prompt},
  year         = {2024},
  howpublished = {\url{https://github.com/luca-medeiros/lang-segment-anything}},
}

@article{ravi2024sam,
  title={Sam 2: Segment anything in images and videos},
  author={Ravi, Nikhila and Gabeur, Valentin and Hu, Yuan-Ting and Hu, Ronghang and Ryali, Chaitanya and Ma, Tengyu and Khedr, Haitham and R{\"a}dle, Roman and Rolland, Chloe and Gustafson, Laura and others},
  journal={arXiv preprint arXiv:2408.00714},
  year={2024}
}

@inproceedings{kirillov2023segment,
  title={Segment anything},
  author={Kirillov, Alexander and Mintun, Eric and Ravi, Nikhila and Mao, Hanzi and Rolland, Chloe and Gustafson, Laura and Xiao, Tete and Whitehead, Spencer and Berg, Alexander C and Lo, Wan-Yen and others},
  booktitle={Proceedings of the IEEE/CVF international conference on computer vision},
  pages={4015--4026},
  year={2023}
}

@article{zhu2025kv,
  title={Kv-edit: Training-free image editing for precise background preservation},
  author={Zhu, Tianrui and Zhang, Shiyi and Shao, Jiawei and Tang, Yansong},
  journal={arXiv preprint arXiv:2502.17363},
  year={2025}
}

@article{wang2024taming,
  title={Taming rectified flow for inversion and editing},
  author={Wang, Jiangshan and Pu, Junfu and Qi, Zhongang and Guo, Jiayi and Ma, Yue and Huang, Nisha and Chen, Yuxin and Li, Xiu and Shan, Ying},
  journal={arXiv preprint arXiv:2411.04746},
  year={2024}
}

@inproceedings{feng2025dit4edit,
  title={Dit4edit: Diffusion transformer for image editing},
  author={Feng, Kunyu and Ma, Yue and Wang, Bingyuan and Qi, Chenyang and Chen, Haozhe and Chen, Qifeng and Wang, Zeyu},
  booktitle={Proceedings of the AAAI Conference on Artificial Intelligence},
  volume={39},
  number={3},
  pages={2969--2977},
  year={2025}
}

@inproceedings{tewel2025addit,
title={Add-it: Training-Free Object Insertion in Images With Pretrained Diffusion Models},
author={Yoad Tewel and Rinon Gal and Dvir Samuel and Yuval Atzmon and Lior Wolf and Gal Chechik},
booktitle={The Thirteenth International Conference on Learning Representations},
year={2025},
url={https://openreview.net/forum?id=ZeaTvXw080}
}

@article{rout2024semantic,
  title={Semantic image inversion and editing using rectified stochastic differential equations},
  author={Rout, Litu and Chen, Yujia and Ruiz, Nataniel and Caramanis, Constantine and Shakkottai, Sanjay and Chu, Wen-Sheng},
  journal={arXiv preprint arXiv:2410.10792},
  year={2024}
}

@inproceedings{tumanyan2023plug,
  title={Plug-and-play diffusion features for text-driven image-to-image translation},
  author={Tumanyan, Narek and Geyer, Michal and Bagon, Shai and Dekel, Tali},
  booktitle={Proceedings of the IEEE/CVF Conference on Computer Vision and Pattern Recognition},
  pages={1921--1930},
  year={2023}
}


  title={Instructpix2pix: Learning to follow image editing instructions},
  author={Brooks, Tim and Holynski, Aleksander and Efros, Alexei A},
  booktitle={Proceedings of the IEEE/CVF conference on computer vision and pattern recognition},
  pages={18392--18402},
  year={2023}
}



@inproceedings{hertz2022prompt,
  title={Prompt-to-Prompt Image Editing with Cross-Attention Control},
  author={Hertz, Amir and Mokady, Ron and Tenenbaum, Jay and Aberman, Kfir and Pritch, Yael and Cohen-or, Daniel},
  booktitle={The Eleventh International Conference on Learning Representations},
  year={2022}
}


@inproceedings{cao2023masactrl,
  title={Masactrl: Tuning-free mutual self-attention control for consistent image synthesis and editing},
  author={Cao, Mingdeng and Wang, Xintao and Qi, Zhongang and Shan, Ying and Qie, Xiaohu and Zheng, Yinqiang},
  booktitle={Proceedings of the IEEE/CVF international conference on computer vision},
  pages={22560--22570},
  year={2023}
}

@misc{stabilityai2022stablediffusion2,
  author = {StabilityAI},
  title = {Stable Diffusion 2 Inpainting},
  howpublished = {\url{https://huggingface.co/stabilityai/stable-diffusion-2-inpainting}},
  year = {2022},
}

@misc{alimamacreativefluxcontrolnet,
  author = {{Alimama Team}},
  title = {FLUX-Controlnet-Inpainting},
  howpublished = {\url{https://github.com/alimama-creative/FLUX-Controlnet-Inpainting}},
  year = {2024},
}

@article{wasserman2024paint,
  title={Paint by inpaint: Learning to add image objects by removing them first},
  author={Wasserman, Navve and Rotstein, Noam and Ganz, Roy and Kimmel, Ron},
  journal={arXiv preprint arXiv:2404.18212},
  year={2024}
}



@misc{blackforestlabs2024fluxfilldev,
  author = {{Black Forest Labs}},
  title = {FLUX.1 Fill [dev]},
  howpublished = {\url{https://huggingface.co/black-forest-labs/FLUX.1-Fill-dev}},
  year = {2024},
}


@article{hui2024hq,
  title={Hq-edit: A high-quality dataset for instruction-based image editing},
  author={Hui, Mude and Yang, Siwei and Zhao, Bingchen and Shi, Yichun and Wang, Heng and Wang, Peng and Zhou, Yuyin and Xie, Cihang},
  journal={arXiv preprint arXiv:2404.09990},
  year={2024}
}

@article{brown2020language,
  title={Language models are few-shot learners},
  author={Brown, Tom and Mann, Benjamin and Ryder, Nick and Subbiah, Melanie and Kaplan, Jared D and Dhariwal, Prafulla and Neelakantan, Arvind and Shyam, Pranav and Sastry, Girish and Askell, Amanda and others},
  journal={Advances in neural information processing systems},
  volume={33},
  pages={1877--1901},
  year={2020}
}

@inproceedings{wei2024omniedit,
  title={Omniedit: Building image editing generalist models through specialist supervision},
  author={Wei, Cong and Xiong, Zheyang and Ren, Weiming and Du, Xeron and Zhang, Ge and Chen, Wenhu},
  booktitle={The Thirteenth International Conference on Learning Representations},
  year={2024}
}


@article{li2024brushedit,
  title={Brushedit: All-in-one image inpainting and editing},
  author={Li, Yaowei and Bian, Yuxuan and Ju, Xuan and Zhang, Zhaoyang and Shan, Ying and Zou, Yuexian and Xu, Qiang},
  journal={arXiv preprint arXiv:2412.10316},
  year={2024}
}

@article{zhang2023magicbrush,
  title={Magicbrush: A manually annotated dataset for instruction-guided image editing},
  author={Zhang, Kai and Mo, Lingbo and Chen, Wenhu and Sun, Huan and Su, Yu},
  journal={Advances in Neural Information Processing Systems},
  volume={36},
  pages={31428--31449},
  year={2023}
}


  title={Improving image generation with better captions},
  author={Betker, James and Goh, Gabriel and Jing, Li and Brooks, Tim and Wang, Jianfeng and Li, Linjie and Ouyang, Long and Zhuang, Juntang and Lee, Joyce and Guo, Yufei and others},
  journal={Computer Science. https://cdn. openai. com/papers/dall-e-3. pdf},
  volume={2},
  number={3},
  pages={8},
  year={2023}
}

@article{ye2023ip,
  title={Ip-adapter: Text compatible image prompt adapter for text-to-image diffusion models},
  author={Ye, Hu and Zhang, Jun and Liu, Sibo and Han, Xiao and Yang, Wei},
  journal={arXiv preprint arXiv:2308.06721},
  year={2023}
}

@article{wang2024instantid,
  title={Instantid: Zero-shot identity-preserving generation in seconds},
  author={Wang, Qixun and Bai, Xu and Wang, Haofan and Qin, Zekui and Chen, Anthony and Li, Huaxia and Tang, Xu and Hu, Yao},
  journal={arXiv preprint arXiv:2401.07519},
  year={2024}
}

@article{chen2023pixart,
  title={Pixart-$\alpha$: Fast training of diffusion transformer for photorealistic text-to-image synthesis},
  author={Chen, Junsong and Yu, Jincheng and Ge, Chongjian and Yao, Lewei and Xie, Enze and Wu, Yue and Wang, Zhongdao and Kwok, James and Luo, Ping and Lu, Huchuan and others},
  journal={arXiv preprint arXiv:2310.00426},
  year={2023}
}

@misc{blackforest2024flux,
  author = {{Black-Forest Labs}},
  title = {Flux: Diffusion Models for Layered Image Generation},
  year = {2024},
  howpublished = {\url{https://github.com/black-forest-labs/flux}},
}

@article{liu2022flow,
  title={Flow straight and fast: Learning to generate and transfer data with rectified flow},
  author={Liu, Xingchao and Gong, Chengyue and Liu, Qiang},
  journal={arXiv preprint arXiv:2209.03003},
  year={2022}
}

@article{lipman2022flow,
  title={Flow matching for generative modeling},
  author={Lipman, Yaron and Chen, Ricky TQ and Ben-Hamu, Heli and Nickel, Maximilian and Le, Matt},
  journal={arXiv preprint arXiv:2210.02747},
  year={2022}
}


@misc{zhuang2023task,
      title={A Task is Worth One Word: Learning with Task Prompts for High-Quality Versatile Image Inpainting},
      author={Junhao Zhuang and Yanhong Zeng and Wenran Liu and Chun Yuan and Kai Chen},
      year={2023},
      eprint={2312.03594},
      archivePrefix={arXiv},
      primaryClass={cs.CV}
}
@misc{song2022denoisingdiffusionimplicitmodels,
      title={Denoising Diffusion Implicit Models}, 
      author={Jiaming Song and Chenlin Meng and Stefano Ermon},
      year={2022},
      eprint={2010.02502},
      archivePrefix={arXiv},
      primaryClass={cs.LG},
      url={https://arxiv.org/abs/2010.02502}, 
}
@inproceedings{
ju2024pnp,
title={PnP Inversion: Boosting Diffusion-based Editing with 3 Lines of Code},
author={Xuan Ju and Ailing Zeng and Yuxuan Bian and Shaoteng Liu and Qiang Xu},
booktitle={The Twelfth International Conference on Learning Representations},
year={2024},
url={https://openreview.net/forum?id=FoMZ4ljhVw}
}


@article{xu2023infedit,
  title={Inversion-Free Image Editing with Natural Language}, 
  author={Sihan Xu and Yidong Huang and Jiayi Pan and Ziqiao Ma and Joyce Chai},
  booktitle={Conference on Computer Vision and Pattern Recognition 2024},
  year={2024}
}
@inproceedings{zhang2018perceptual,
  title={The Unreasonable Effectiveness of Deep Features as a Perceptual Metric},
  author={Zhang, Richard and Isola, Phillip and Efros, Alexei A and Shechtman, Eli and Wang, Oliver},
  booktitle={CVPR},
  year={2018}
}

@inproceedings{
schuhmann2022laionb,
title={{LAION}-5B: An open large-scale dataset for training next generation image-text models},
author={Christoph Schuhmann and Romain Beaumont and Richard Vencu and Cade W Gordon and Ross Wightman and Mehdi Cherti and Theo Coombes and Aarush Katta and Clayton Mullis and Mitchell Wortsman and Patrick Schramowski and Srivatsa R Kundurthy and Katherine Crowson and Ludwig Schmidt and Robert Kaczmarczyk and Jenia Jitsev},
booktitle={Thirty-sixth Conference on Neural Information Processing Systems Datasets and Benchmarks Track},
year={2022},
url={https://openreview.net/forum?id=M3Y74vmsMcY}
}
@article{huynh2008scope,
  title={Scope of validity of PSNR in image/video quality assessment},
  author={Huynh-Thu, Quan and Ghanbari, Mohammed},
  journal={Electronics letters},
  volume={44},
  number={13},
  pages={800--801},
  year={2008},
  publisher={IET}
}
@article{wu2023human,
  title={Human Preference Score v2: A Solid Benchmark for Evaluating Human Preferences of Text-to-Image Synthesis},
  author={Wu, Xiaoshi and Hao, Yiming and Sun, Keqiang and Chen, Yixiong and Zhu, Feng and Zhao, Rui and Li, Hongsheng},
  journal={arXiv preprint arXiv:2306.09341},
  year={2023}
}
@inproceedings{xu2023imagereward,
  title={ImageReward: learning and evaluating human preferences for text-to-image generation},
  author={Xu, Jiazheng and Liu, Xiao and Wu, Yuchen and Tong, Yuxuan and Li, Qinkai and Ding, Ming and Tang, Jie and Dong, Yuxiao},
  booktitle={Proceedings of the 37th International Conference on Neural Information Processing Systems},
  pages={15903--15935},
  year={2023}
}


@inproceedings{li2023gligen,
  title={Gligen: Open-set grounded text-to-image generation},
  author={Li, Yuheng and Liu, Haotian and Wu, Qingyang and Mu, Fangzhou and Yang, Jianwei and Gao, Jianfeng and Li, Chunyuan and Lee, Yong Jae},
  booktitle={Proceedings of the IEEE/CVF conference on computer vision and pattern recognition},
  pages={22511--22521},
  year={2023}
}

@inproceedings{mou2024t2i,
  title={T2i-adapter: Learning adapters to dig out more controllable ability for text-to-image diffusion models},
  author={Mou, Chong and Wang, Xintao and Xie, Liangbin and Wu, Yanze and Zhang, Jian and Qi, Zhongang and Shan, Ying},
  booktitle={Proceedings of the AAAI conference on artificial intelligence},
  volume={38},
  number={5},
  pages={4296--4304},
  year={2024}
}

@article{zhao2023uni,
  title={Uni-controlnet: All-in-one control to text-to-image diffusion models},
  author={Zhao, Shihao and Chen, Dongdong and Chen, Yen-Chun and Bao, Jianmin and Hao, Shaozhe and Yuan, Lu and Wong, Kwan-Yee K},
  journal={Advances in Neural Information Processing Systems},
  volume={36},
  pages={11127--11150},
  year={2023}
}

@article{li2024unimo,
  title={Unimo-g: Unified image generation through multimodal conditional diffusion},
  author={Li, Wei and Xu, Xue and Liu, Jiachen and Xiao, Xinyan},
  journal={arXiv preprint arXiv:2401.13388},
  year={2024}
}

@inproceedings{li2024controlnet++,
  title={ControlNet++: Improving Conditional Controls with Efficient Consistency Feedback: Project Page: liming-ai. github. io/ControlNet\_Plus\_Plus},
  author={Li, Ming and Yang, Taojiannan and Kuang, Huafeng and Wu, Jie and Wang, Zhaoning and Xiao, Xuefeng and Chen, Chen},
  booktitle={European Conference on Computer Vision},
  pages={129--147},
  year={2024},
  organization={Springer}
}